2184 3575
145 322 187 381 w
467 328 512 375 nu
532 328 695 375 onuronn.
895 328 934 389 [n.
944 328 979 379 m

193 477 337 552 quomodo
356 477 440 535 simul
460 477 560 549 latera,
574 496 618 549 os,
632 495 728 548 venas,
742 479 861 549 vultum,
875 478 980 535 oculos

193 584 325 649 occupet,
353 574 454 633 viderit
469 564 682 631 ¹Democritus:
715 593 808 650 neque
835 575 911 632 eninr
939 576 978 632 ad

193 666 270 727 hunc
291 688 449 727 sermonem
470 670 524 727 hoc
544 671 684 746 pertinet;
706 682 745 741 et,
766 671 790 727 si
809 672 976 746 pertineret,

193 766 304 823 nescire
324 784 369 822 me
390 776 485 823 tamen
507 766 535 823 id
555 785 614 823 non
634 767 763 842 puderet,
778 767 854 841 quod
868 786 906 823 ne
920 767 977 841 ipsi

159 862 305 937 cquidem
334 862 374 919 illi
402 863 516 934 scirent,
544 862 593 937 qui
620 862 831 938 pollicerentur.
878 863 977 920 Locus

192 968 297 1029 autem,
313 968 341 1017 et
360 958 540 1035 regio'quasi
561 959 676 1016 ridiculi
694 958 775 1036 (nam
796 960 825 1015 id
845 960 976 1035 proxime

190 1054 338 1133 quaeritur)
371 1041 544 1131 turpitudine
577 1068 607 1111 et
640 1055 818 1112 deformitate
851 1056 975 1131 quddam

191 1151 368 1209 continetur:
403 1151 465 1211 haec
496 1151 577 1208 enim
607 1151 734 1208 ridentur
761 1152 804 1212 vel
831 1152 901 1223 sola,
928 1152 973 1226 vel

191 1247 323 1319 maxime,
344 1266 405 1322 quse
425 1257 527 1304 notant
546 1257 576 1304 et
594 1247 748 1323 designant
767 1247 974 1323 turpitudinem

145 1353 176 1403 10
193 1342 312 1417 aliquam
333 1362 391 1400 non
412 1343 539 1418 turpiter.
581 1343 634 1400 Est
657 1353 762 1414 autem,
783 1353 815 1400 ut
841 1344 876 1399 ad
902 1343 974 1400 illud

191 1438 304 1495 tertium
319 1438 441 1509 veniam,
456 1448 499 1495 est
512 1440 596 1514 plane
608 1438 728 1496 oratoris
742 1456 853 1495 movere
866 1437 972 1495 risum:

191 1534 234 1594 rel
256 1536 332 1609 quod
353 1535 413 1609 ipsa
432 1534 559 1603 hilaritas
586 1533 811 1591 benevolentiam
836 1533 974 1591 conciliat

189 1631 228 1701 ei,
242 1650 292 1707 per
313 1646 396 1705 quem
418 1630 541 1688 excitata
561 1640 620 1699 est;
641 1630 685 1686 rel
700 1630 776 1704 quod
798 1630 972 1687 admirantur

191 1745 290 1783 omnes
320 1744 450 1797 acumen,
478 1744 535 1782 uno
562 1745 637 1801 saepe
663 1726 692 1782 in
719 1726 806 1783 verbo
838 1726 970 1803 positum,

146 1829 176 1878 15
190 1823 312 1880 maxime
333 1822 538 1897 respondentia,
554 1804 759 1896 nonnunquam
778 1823 865 1879 etiarn
883 1823 971 1883 laces·

190 1919 293 1988 sentis;
328 1919 372 1975 'vel
405 1918 480 1992 quod
518 1918 622 1993 frangit
660 1918 861 1989 adversarium,
894 1918 970 1993 quod

190 2015 317 2090 impedit,
338 2015 414 2088 quod
434 2015 534 2096 elepat
553 2014 629 2089 quod
649 2014 782 2085 deterret,
803 2014 878 2090 quod
898 2015 971 2072 refu·

189 2123 246 2182 tst3
281 2111 324 2168 vel
352 2111 427 2186 quod
462 2111 553 2186 ipsum
587 2120 728 2167 oratorem
760 2111 879 2185 politum
908 2129 970 2168 esse

190 2209 333 2266 hominem
353 2207 504 2284 significat,
525 2208 600 2281 quod
621 2207 774 2277 eruditum,
793 2208 869 2282 quod
890 2208 971 2264 urba·

144 2307 175 2365 2'0
190 2323 269 2373 num,
285 2303 461 2378 maximeque
478 2303 554 2377 quod
574 2302 718 2359 tristitiam
738 2321 772 2359 ac
791 2303 968 2360 severitatem

190 2401 310 2476 mitigat,
331 2411 359 2456 et
373 2400 501 2470 relaxat,
528 2399 769 2473 odiosasqueres
796 2417 879 2474 saepe,
900 2417 969 2473 quas

191 2496 364 2572 argumentis
391 2496 469 2552 dilui,
487 2515 546 2552 non
574 2495 657 2552 facile
684 2504 737 2564 est,
761 2495 829 2569 joco
855 2495 969 2568 risuque

191 2592 325 2650 dissolvit.
366 2592 520 2654 Quttenus
548 2601 641 2648 autem
668 2590 725 2647 sint
752 2591 873 2648 ridicula
898 2601 970 2647 trac·

190 2689 277 2752 tande
290 2687 405 2758 oratori,
419 2705 554 2764 perquam
576 2686 727 2762 diligenter
745 2687 898 2743 videndum
916 2701 968 2757 est,

143 2790 175 2840 25
190 2784 219 2844 id
239 2785 313 2859 quod
334 2783 363 2841 in
384 2793 485 2858 quarto
504 2782 570 2838 loco
596 2782 741 2856 quaerendi
767 2800 967 2856 posueramus:

189 2891 255 2938 narn
275 2899 330 2936 nec
351 2879 470 2956 insignis
490 2877 664 2953 improbitas,
685 2888 714 2935 et
733 2878 841 2934 scelere
858 2875 967 2950 juncta,

189 2995 245 3034 nec
270 2995 371 3038 ,rursus
404 2974 518 3042 miseria
550 2973 679 3051 insignis,
707 2973 814 3049 agitata
845 2971 968 3030 ridetur:

190 3064 363 3136 facinorosus
382 3071 459 3132 enirn
479 3069 586 3148 majore
604 3070 729 3148 quddam
747 3067 785 3141 vi,
800 3087 885 3146 quam
904 3066 969 3128 ridi·
