2184 3575
135 329 192 392 les
454 342 497 394 nn
519 341 682 391 omnonn
870 337 965 398 [nnn

179 487 255 565 (qum
265 499 338 548 'seno
350 501 430 550 nuno
449 490 566 566 quidem
586 489 811 568 obsoleverunt),
826 485 964 564 eut-juris

178 585 339 658 seientiam,
353 605 390 644 ne
410 587 473 663 ejus
491 587 606 663 quidem
626 584 751 644 universi
773 583 854 661 (nem
870 581 966 659 ponti·

178 680 286 753 finium,
302 683 378 757 quod
398 693 442 741 est
461 684 658 759 conjunctum,
678 699 764 740 nemo
781 680 893 758 dison),
915 688 966 736 out

178 777 380 853 eloquentiam,
399 789 486 855 quam
512 779 542 836 in
566 779 692 837 elamore
712 787 741 834 et
762 776 791 834 in
810 776 966 833 vorborum

148 879 262 930 &eursu
286 875 407 950 positam
431 884 549 950 putent:
580 875 709 932 omnium
732 891 800 930 vero
823 872 966 928 bonarum

179 969 292 1041 artium,
319 970 442 1045 deniquo
469 972 604 1029 virtutum
631 970 766 1046 ipserum,
793 967 966 1027 societatem

178 1065 435 1143 cognationemque
448 1085 507 1125 non
520 1065 635 1126 norunt.

204 1262 360 1320 XXXIV.
392 1261 460 1334 sed,
475 1272 507 1319 ut
526 1261 563 1334 nd
581 1261 701 1320 Groeooo
719 1263 840 1322 reserem
859 1257 967 1319 orntio·

177 1377 253 1430 nem,
279 1358 396 1437 (quibus
419 1366 517 1417 oerore
541 1357 572 1416 in
598 1358 654 1416 hoo
680 1358 794 1433 quidem
822 1360 966 1416 sermonis

134 1462 164 1511 1⁰
177 1473 281 1531 genere
301 1473 360 1513 non
377 1471 528 1533 possumus
536 1475 543 1525 ;
564 1473 632 1512 nem
646 1465 678 1513 ut
691 1455 803 1512 virtutis
816 1473 833 1512 e
845 1458 965 1525 nostris,

177 1551 220 1608 sio
243 1552 380 1610 doctrinm
407 1561 474 1610 sunt
494 1553 529 1609 ab
550 1551 616 1624 illis,
636 1551 766 1627 exemplo
792 1550 965 1630 repetenda)

177 1657 286 1721 septem
300 1646 389 1704 fuisse
408 1647 544 1705 dieuntur
562 1664 623 1704 uno
635 1651 773 1720 tempore,
787 1651 836 1721 qni
850 1645 967 1721 supien-

177 1751 222 1799 tes
248 1750 276 1798 ot
290 1741 474 1799 'haberentur
500 1750 530 1799 ot
555 1751 734 1800 veementer.
788 1741 829 1801 Hi
850 1751 965 1814 omnes,

177 1842 280 1912 pnaet'er
294 1835 440 1895 Milesium
452 1836 578 1909 Thulen,
592 1836 755 1895 eivitatibus
772 1840 966 1910 sonorosus-

134 1945 165 1995 15
178 1942 251 1993 runt.
274 1932 369 1995 ‘Quis
388 1933 498 1991 doctior
517 1932 620 1991 iisdem
638 1932 697 1990 iilis
712 1938 898 2010 temporibus,
913 1946 965 1995 ent

178 2028 260 2105 eujus
272 2029 436 2103 eloquentia
449 2028 539 2087 litoris
552 2028 718 2087 instructior
732 2029 819 2087 fuisse
830 2031 964 2104 truditur,

177 2142 263 2200 quem
293 2124 454 2184 Pisistrati?
480 2125 536 2200 'qui
567 2125 677 2201 primns
709 2124 830 2184 Homeri
861 2126 964 2199 libros,

177 2222 313 2281 oonfusos
334 2232 426 2292 antee,
447 2221 490 2279 sio
510 2221 683 2296 disposuisse
702 2221 817 2293 dieitur,
832 2232 864 2279 nt
878 2242 966 2281 nuno

176 2318 323 2376 habemns.
367 2317 441 2375 ¹Non
466 2317 522 2375 suit
549 2317 597 2375 ille
623 2317 738 2392 quidem
765 2317 877 2376 civibus
903 2320 965 2379 sois

132 2419 164 2469 2⁰
177 2413 264 2484 utilis,
286 2413 335 2470 sed
357 2412 581 2488 ite'elbquentii
606 2411 713 2482 floruit,
733 2421 765 2469 nt
784 2412 875 2470 literis
895 2414 967 2472 doo-

177 2506 309 2581 trimique
332 2516 488 2583 promeret.
527 2505 616 2567 -Quiu
641 2504 789 2564 Perioles?
815 2506 852 2564 de
879 2509 965 2585 eujus

177 2601 294 2660 dicendi
321 2602 406 2678 oopii
432 2602 475 2659 sio
502 2600 675 2675 sooepimus,
702 2609 743 2671 ut,
767 2620 839 2661 oum
861 2608 966 2663 oontre

177 2698 352 2755 voluntatem
372 2696 594 2754 Atheniensium
613 2695 781 2769 loqueretur·
794 2714 847 2772 pro
870 2699 965 2758 selme

176 2792 285 2869 petrin,
300 2793 425 2851 severius
438 2802 534 2849 tamen
548 2790 577 2848 id
591 2790 693 2865 ipsum,
708 2790 784 2864 quod
798 2791 846 2850 ille
859 2798 966 2854 uenire

131 2898 163 2949 25
176 2888 328 2965 populures
339 2888 471 2946 homines
490 2886 609 2957 diecret,
622 2885 759 2961 populere
778 2888 914 2947 omnibus
934 2901 966 2949 et

173 2984 334 3063 jucundum
354 2982 513 3042 videretur}
534 2982 619 3057 eujus
638 2981 669 3038 in
688 2980 777 3039 lubrie
788 2994 900 3043 veteres
913 3004 965 3045 oo·

176 3079 257 3153 mioi,
282 3079 370 3138 etiem
396 3096 464 3139 oum
489 3076 532 3137 illi
555 3076 759 3137 molediostent
779 3076 872 3159 (quod
899 3090 964 3143 tum
