<?xml version="1.0" encoding="UTF-8"?>
<!DOCTYPE html PUBLIC "-//W3C//DTD XHTML 1.0 Transitional//EN"
    "http://www.w3.org/TR/xhtml1/DTD/xhtml1-transitional.dtd">
<html xmlns="http://www.w3.org/1999/xhtml" xml:lang="en" lang="en">
 <head>
  <title>
</title>
<meta http-equiv="Content-Type" content="text/html;charset=utf-8" />
  <meta name='ocr-system' content='tesseract 3.04.00' />
  <meta name='ocr-capabilities' content='ocr_page ocr_carea ocr_par ocr_line ocrx_word'/>
</head>
<body>
  <div class='ocr_page' id='page_1' title='image "./mtciceronisadqu02dillgoog_0037.png"; bbox 0 0 2184 3575; ppageno 0'>
   <div class='ocr_carea' id='block_1_1' title="bbox 121 337 949 409">
    <p class='ocr_par' dir='ltr' id='par_1_1' title="bbox 121 337 949 409">
     <span class='ocr_line' id='line_1_1' title="bbox 121 337 949 409; baseline -0.002 -10"><span class='ocrx_word' id='word_1_1' title='bbox 121 350 150 398; x_wconf 86' lang='lat' dir='ltr'><strong>L.</strong></span> <span class='ocrx_word' id='word_1_2' title='bbox 160 350 205 409; x_wconf 80' lang='lat' dir='ltr'><strong>u]</strong></span> <span class='ocrx_word' id='word_1_3' title='bbox 404 347 447 395; x_wconf 78' lang='lat' dir='ltr'><strong>DE</strong></span> <span class='ocrx_word' id='word_1_4' title='bbox 469 346 632 407; x_wconf 63' lang='lat' dir='ltr'><strong>Oltam</strong></span> <span class='ocrx_word' id='word_1_5' title='bbox 910 337 949 399; x_wconf 70' lang='lat'><strong>8}</strong></span> 
     </span>
    </p>
   </div>
   <div class='ocr_carea' id='block_1_2' title="bbox 122 492 905 651">
    <p class='ocr_par' dir='ltr' id='par_1_2' title="bbox 122 492 905 651">
     <span class='ocr_line' id='line_1_2' title="bbox 122 492 905 571; baseline -0.001 -16"><span class='ocrx_word' id='word_1_6' title='bbox 122 499 293 555; x_wconf 83' lang='lat' dir='ltr'><strong>verborum·</strong></span> <span class='ocrx_word' id='word_1_7' title='bbox 311 493 485 571; x_wconf 74' lang='lat' dir='ltr'><strong>turpitudine</strong></span> <span class='ocrx_word' id='word_1_8' title='bbox 521 505 551 551; x_wconf 89' lang='lat' dir='ltr'><strong>et</strong></span> <span class='ocrx_word' id='word_1_9' title='bbox 586 511 683 553; x_wconf 80' lang='lat' dir='ltr'><strong>rerum</strong></span> <span class='ocrx_word' id='word_1_10' title='bbox 717 492 905 554; x_wconf 72' lang='lat' dir='ltr'><strong>obscuritas</strong></span> 
     </span>
     <span class='ocr_line' id='line_1_3' title="bbox 123 593 247 651; baseline 0.008 -1"><span class='ocrx_word' id='word_1_11' title='bbox 123 593 247 651; x_wconf 77' lang='lat' dir='ltr'><strong>vitanda.</strong></span> 
     </span>
    </p>
   </div>
   <div class='ocr_carea' id='block_1_3' title="bbox 118 781 967 3167">
    <p class='ocr_par' dir='ltr' id='par_1_3' title="bbox 118 781 967 3167">
     <span class='ocr_line' id='line_1_4' title="bbox 164 781 907 863; baseline -0.008 -18"><span class='ocrx_word' id='word_1_12' title='bbox 164 786 227 845; x_wconf 87' lang='lat' dir='ltr'><strong>Lx.</strong></span> <span class='ocrx_word' id='word_1_13' title='bbox 258 784 337 863; x_wconf 81' lang='lat' dir='ltr'><strong>Ergo</strong></span> <span class='ocrx_word' id='word_1_14' title='bbox 360 786 422 859; x_wconf 70' lang='lat' dir='ltr'><strong>lamo</strong></span> <span class='ocrx_word' id='word_1_15' title='bbox 448 784 506 843; x_wconf 90' lang='lat' dir='ltr'><strong>duo</strong></span> <span class='ocrx_word' id='word_1_16' title='bbox 525 803 633 863; x_wconf 80' lang='lat' dir='ltr'><strong>genera</strong></span> <span class='ocrx_word' id='word_1_17' title='bbox 657 793 725 842; x_wconf 88' lang='lat' dir='ltr'><strong>suut</strong></span> <span class='ocrx_word' id='word_1_18' title='bbox 750 782 812 859; x_wconf 84' lang='lat' dir='ltr'><strong>ejus</strong></span> <span class='ocrx_word' id='word_1_19' title='bbox 839 781 907 840; x_wconf 91' lang='lat' dir='ltr'><strong>ridi·</strong></span> 
     </span>
     <span class='ocr_line' id='line_1_5' title="bbox 123 877 906 957; baseline -0.008 -16"><span class='ocrx_word' id='word_1_20' title='bbox 123 884 191 954; x_wconf 89' lang='lat' dir='ltr'><strong>culi,</strong></span> <span class='ocrx_word' id='word_1_21' title='bbox 213 882 288 957; x_wconf 89' lang='lat' dir='ltr'><strong>quod</strong></span> <span class='ocrx_word' id='word_1_22' title='bbox 303 884 332 939; x_wconf 91' lang='lat' dir='ltr'><strong>iu</strong></span> <span class='ocrx_word' id='word_1_23' title='bbox 347 901 379 939; x_wconf 87' lang='lat' dir='ltr'><strong>re</strong></span> <span class='ocrx_word' id='word_1_24' title='bbox 397 881 521 957; x_wconf 88' lang='lat' dir='ltr'><strong>positum</strong></span> <span class='ocrx_word' id='word_1_25' title='bbox 542 891 601 942; x_wconf 82' lang='lat' dir='ltr'><strong>est:</strong></span> <span class='ocrx_word' id='word_1_26' title='bbox 623 899 686 954; x_wconf 81' lang='lat' dir='ltr'><strong>quas</strong></span> <span class='ocrx_word' id='word_1_27' title='bbox 707 888 773 938; x_wconf 81' lang='lat' dir='ltr'><strong>snut</strong></span> <span class='ocrx_word' id='word_1_28' title='bbox 791 877 906 956; x_wconf 89' lang='lat' dir='ltr'><strong>propria</strong></span> 
     </span>
     <span class='ocr_line' id='line_1_6' title="bbox 121 974 936 1053; baseline -0.009 -19"><span class='ocrx_word' id='word_1_29' title='bbox 121 987 321 1053; x_wconf 86' lang='lat' dir='ltr'><strong>perpetuarum</strong></span> <span class='ocrx_word' id='word_1_30' title='bbox 342 977 519 1047; x_wconf 77' lang='lat' dir='ltr'><strong>facetiarum,</strong></span> <span class='ocrx_word' id='word_1_31' title='bbox 534 976 564 1033; x_wconf 92' lang='lat' dir='ltr'><strong>in</strong></span> <span class='ocrx_word' id='word_1_32' title='bbox 583 976 686 1049; x_wconf 89' lang='lat' dir='ltr'><strong>quibus</strong></span> <span class='ocrx_word' id='word_1_33' title='bbox 705 974 936 1033; x_wconf 82' lang='lat' dir='ltr'><strong>describuntur5</strong></span> 
     </span>
     <span class='ocr_line' id='line_1_7' title="bbox 122 1072 906 1147; baseline -0.004 -17"><span class='ocrx_word' id='word_1_34' title='bbox 122 1074 272 1133; x_wconf 89' lang='lat' dir='ltr'><strong>hominum</strong></span> <span class='ocrx_word' id='word_1_35' title='bbox 296 1092 398 1144; x_wconf 88' lang='lat' dir='ltr'><strong>mores,</strong></span> <span class='ocrx_word' id='word_1_36' title='bbox 419 1083 448 1131; x_wconf 86' lang='lat' dir='ltr'><strong>et</strong></span> <span class='ocrx_word' id='word_1_37' title='bbox 475 1073 515 1130; x_wconf 82' lang='lat' dir='ltr'><strong>ita</strong></span> <span class='ocrx_word' id='word_1_38' title='bbox 540 1072 724 1147; x_wconf 85' lang='lat' dir='ltr'><strong>effinguntur,</strong></span> <span class='ocrx_word' id='word_1_39' title='bbox 744 1081 776 1129; x_wconf 93' lang='lat' dir='ltr'><strong>ut</strong></span> <span class='ocrx_word' id='word_1_40' title='bbox 796 1080 853 1141; x_wconf 88' lang='lat' dir='ltr'><strong>aut,</strong></span> <span class='ocrx_word' id='word_1_41' title='bbox 874 1089 906 1128; x_wconf 91' lang='lat' dir='ltr'><strong>re</strong></span> 
     </span>
     <span class='ocr_line' id='line_1_8' title="bbox 120 1166 905 1243; baseline -0.006 -17"><span class='ocrx_word' id='word_1_42' title='bbox 120 1169 236 1228; x_wconf 65' lang='lat' dir='ltr'><strong>narrata</strong></span> <span class='ocrx_word' id='word_1_43' title='bbox 264 1168 367 1242; x_wconf 74' lang='lat' dir='ltr'><strong>aliqud,</strong></span> <span class='ocrx_word' id='word_1_44' title='bbox 394 1167 492 1243; x_wconf 88' lang='lat' dir='ltr'><strong>quales</strong></span> <span class='ocrx_word' id='word_1_45' title='bbox 518 1167 587 1238; x_wconf 87' lang='lat' dir='ltr'><strong>sint,</strong></span> <span class='ocrx_word' id='word_1_46' title='bbox 607 1166 818 1242; x_wconf 60' lang='lat' dir='ltr'><strong>intelligentam</strong></span> <span class='ocrx_word' id='word_1_47' title='bbox 847 1174 905 1235; x_wconf 87' lang='lat' dir='ltr'><strong>aut,</strong></span> 
     </span>
     <span class='ocr_line' id='line_1_9' title="bbox 122 1260 907 1338; baseline -0.005 -17"><span class='ocrx_word' id='word_1_48' title='bbox 122 1264 283 1324; x_wconf 75' lang='lat' dir='ltr'><strong>imitatione</strong></span> <span class='ocrx_word' id='word_1_49' title='bbox 311 1264 389 1321; x_wconf 85' lang='lat' dir='ltr'><strong>brevi</strong></span> <span class='ocrx_word' id='word_1_50' title='bbox 416 1264 532 1338; x_wconf 73' lang='lat' dir='ltr'><strong>injecta,</strong></span> <span class='ocrx_word' id='word_1_51' title='bbox 558 1263 588 1319; x_wconf 90' lang='lat' dir='ltr'><strong>in</strong></span> <span class='ocrx_word' id='word_1_52' title='bbox 616 1262 710 1336; x_wconf 88' lang='lat' dir='ltr'><strong>aliquo</strong></span> <span class='ocrx_word' id='word_1_53' title='bbox 737 1261 843 1338; x_wconf 79' lang='lat' dir='ltr'><strong>insigni</strong></span> <span class='ocrx_word' id='word_1_54' title='bbox 869 1260 907 1317; x_wconf 88' lang='lat' dir='ltr'><strong>ad</strong></span> 
     </span>
     <span class='ocr_line' id='line_1_10' title="bbox 120 1357 906 1432; baseline -0.003 -15"><span class='ocrx_word' id='word_1_55' title='bbox 120 1359 299 1421; x_wconf 84' lang='lat' dir='ltr'><strong>irridendum</strong></span> <span class='ocrx_word' id='word_1_56' title='bbox 323 1359 392 1415; x_wconf 84' lang='lat' dir='ltr'><strong>vitio</strong></span> <span class='ocrx_word' id='word_1_57' title='bbox 415 1358 601 1432; x_wconf 81' lang='lat' dir='ltr'><strong>reperiantur.</strong></span> <span class='ocrx_word' id='word_1_58' title='bbox 652 1358 688 1415; x_wconf 89' lang='lat' dir='ltr'><strong>ln</strong></span> <span class='ocrx_word' id='word_1_59' title='bbox 710 1357 789 1415; x_wconf 87' lang='lat' dir='ltr'><strong>dicto</strong></span> <span class='ocrx_word' id='word_1_60' title='bbox 811 1366 906 1418; x_wconf 87' lang='lat' dir='ltr'><strong>autem</strong></span> 
     </span>
     <span class='ocr_line' id='line_1_11' title="bbox 122 1452 951 1529; baseline -0.004 -17"><span class='ocrx_word' id='word_1_61' title='bbox 122 1455 276 1514; x_wconf 88' lang='lat' dir='ltr'><strong>ridiculum</strong></span> <span class='ocrx_word' id='word_1_62' title='bbox 296 1464 339 1511; x_wconf 86' lang='lat' dir='ltr'><strong>est</strong></span> <span class='ocrx_word' id='word_1_63' title='bbox 359 1453 488 1529; x_wconf 84' lang='lat' dir='ltr'><strong>id,.quod</strong></span> <span class='ocrx_word' id='word_1_64' title='bbox 504 1453 583 1512; x_wconf 82' lang='lat' dir='ltr'><strong>uerbi</strong></span> <span class='ocrx_word' id='word_1_65' title='bbox 604 1463 652 1511; x_wconf 87' lang='lat' dir='ltr'><strong>aut</strong></span> <span class='ocrx_word' id='word_1_66' title='bbox 672 1452 820 1510; x_wconf 73' lang='lat' dir='ltr'><strong>sententiaa</strong></span> <span class='ocrx_word' id='word_1_67' title='bbox 839 1460 951 1527; x_wconf 84' lang='lat' dir='ltr'><strong>quo-1⁰</strong></span> 
     </span>
     <span class='ocr_line' id='line_1_12' title="bbox 122 1548 906 1623; baseline -0.004 -15"><span class='ocrx_word' id='word_1_68' title='bbox 122 1552 188 1609; x_wconf 91' lang='lat' dir='ltr'><strong>dam</strong></span> <span class='ocrx_word' id='word_1_69' title='bbox 204 1550 336 1609; x_wconf 82' lang='lat' dir='ltr'><strong>acumine</strong></span> <span class='ocrx_word' id='word_1_70' title='bbox 354 1560 490 1607; x_wconf 84' lang='lat' dir='ltr'><strong>movetur.</strong></span> <span class='ocrx_word' id='word_1_71' title='bbox 533 1550 601 1621; x_wconf 84' lang='lat' dir='ltr'><strong>Sed,</strong></span> <span class='ocrx_word' id='word_1_72' title='bbox 615 1560 647 1622; x_wconf 82' lang='lat' dir='ltr'><strong>ut</strong></span> <span class='ocrx_word' id='word_1_73' title='bbox 663 1549 693 1605; x_wconf 90' lang='lat' dir='ltr'><strong>in</strong></span> <span class='ocrx_word' id='word_1_74' title='bbox 712 1548 762 1606; x_wconf 94' lang='lat' dir='ltr'><strong>illo</strong></span> <span class='ocrx_word' id='word_1_75' title='bbox 781 1548 906 1623; x_wconf 87' lang='lat' dir='ltr'><strong>superio·</strong></span> 
     </span>
     <span class='ocr_line' id='line_1_13' title="bbox 119 1644 905 1724; baseline -0.003 -20"><span class='ocrx_word' id='word_1_76' title='bbox 119 1667 152 1706; x_wconf 82' lang='lat' dir='ltr'><strong>re</strong></span> <span class='ocrx_word' id='word_1_77' title='bbox 165 1666 271 1724; x_wconf 79' lang='lat' dir='ltr'><strong>genere</strong></span> <span class='ocrx_word' id='word_1_78' title='bbox 284 1647 328 1703; x_wconf 83' lang='lat' dir='ltr'><strong>ael</strong></span> <span class='ocrx_word' id='word_1_79' title='bbox 349 1646 520 1705; x_wconf 83' lang='lat' dir='ltr'><strong>narrationis</strong></span> <span class='ocrx_word' id='word_1_80' title='bbox 534 1646 579 1703; x_wconf 89' lang='lat' dir='ltr'><strong>vel</strong></span> <span class='ocrx_word' id='word_1_81' title='bbox 599 1644 776 1717; x_wconf 83' lang='lat' dir='ltr'><strong>imitationis,</strong></span> <span class='ocrx_word' id='word_1_82' title='bbox 790 1644 905 1702; x_wconf 83' lang='lat' dir='ltr'><strong>vitanda</strong></span> 
     </span>
     <span class='ocr_line' id='line_1_14' title="bbox 118 1740 907 1820; baseline 0 -20"><span class='ocrx_word' id='word_1_83' title='bbox 118 1754 165 1803; x_wconf 88' lang='lat' dir='ltr'><strong>est</strong></span> <span class='ocrx_word' id='word_1_84' title='bbox 191 1744 342 1804; x_wconf 90' lang='lat' dir='ltr'><strong>mimorum</strong></span> <span class='ocrx_word' id='word_1_85' title='bbox 368 1742 567 1820; x_wconf 82' lang='lat' dir='ltr'><strong>ethologorum</strong></span> <span class='ocrx_word' id='word_1_86' title='bbox 593 1741 765 1811; x_wconf 89' lang='lat' dir='ltr'><strong>similitudo;</strong></span> <span class='ocrx_word' id='word_1_87' title='bbox 794 1740 847 1814; x_wconf 83' lang='lat' dir='ltr'><strong>sio,</strong></span> <span class='ocrx_word' id='word_1_88' title='bbox 874 1741 907 1800; x_wconf 89' lang='lat' dir='ltr'><strong>iu</strong></span> 
     </span>
     <span class='ocr_line' id='line_1_15' title="bbox 121 1837 904 1915; baseline -0.004 -18"><span class='ocrx_word' id='word_1_89' title='bbox 121 1841 187 1912; x_wconf 88' lang='lat' dir='ltr'><strong>hoc,</strong></span> <span class='ocrx_word' id='word_1_90' title='bbox 208 1840 336 1900; x_wconf 85' lang='lat' dir='ltr'><strong>scurrilis</strong></span> <span class='ocrx_word' id='word_1_91' title='bbox 355 1840 460 1898; x_wconf 89' lang='lat' dir='ltr'><strong>oratori</strong></span> <span class='ocrx_word' id='word_1_92' title='bbox 481 1839 620 1896; x_wconf 79' lang='lat' dir='ltr'><strong>dicacitas</strong></span> <span class='ocrx_word' id='word_1_93' title='bbox 639 1857 812 1915; x_wconf 78' lang='lat' dir='ltr'><strong>magnopere</strong></span> <span class='ocrx_word' id='word_1_94' title='bbox 832 1837 904 1915; x_wconf 81' lang='lat' dir='ltr'><strong>fugi·</strong></span> 
     </span>
     <span class='ocr_line' id='line_1_16' title="bbox 120 1934 951 2013; baseline 0.001 -19"><span class='ocrx_word' id='word_1_95' title='bbox 120 1937 196 1994; x_wconf 86' lang='lat' dir='ltr'><strong>enda</strong></span> <span class='ocrx_word' id='word_1_96' title='bbox 214 1947 265 1994; x_wconf 89' lang='lat' dir='ltr'><strong>est.</strong></span> <span class='ocrx_word' id='word_1_97' title='bbox 306 1936 368 1998; x_wconf 80' lang='lat' dir='ltr'><strong>Qut</strong></span> <span class='ocrx_word' id='word_1_98' title='bbox 389 1936 476 2013; x_wconf 86' lang='lat' dir='ltr'><strong>igitur</strong></span> <span class='ocrx_word' id='word_1_99' title='bbox 496 1935 705 2011; x_wconf 78' lang='lat' dir='ltr'><strong>distinguemus</strong></span> <span class='ocrx_word' id='word_1_100' title='bbox 723 1954 741 1992; x_wconf 90' lang='lat' dir='ltr'><strong>a</strong></span> <span class='ocrx_word' id='word_1_101' title='bbox 757 1934 873 2005; x_wconf 84' lang='lat' dir='ltr'><strong>Crasso,</strong></span> <span class='ocrx_word' id='word_1_102' title='bbox 888 1953 904 1992; x_wconf 88' lang='lat' dir='ltr'><strong>a</strong></span> <span class='ocrx_word' id='word_1_103' title='bbox 920 1945 951 1995; x_wconf 85' lang='lat'><strong>15</strong></span> 
     </span>
     <span class='ocr_line' id='line_1_17' title="bbox 118 2030 903 2104; baseline -0.005 -14"><span class='ocrx_word' id='word_1_104' title='bbox 118 2033 235 2104; x_wconf 85' lang='lat' dir='ltr'><strong>Catulo,</strong></span> <span class='ocrx_word' id='word_1_105' title='bbox 250 2032 394 2103; x_wconf 83' lang='lat' dir='ltr'><strong>acetaria,</strong></span> <span class='ocrx_word' id='word_1_106' title='bbox 415 2031 584 2090; x_wconf 87' lang='lat' dir='ltr'><strong>familiarem</strong></span> <span class='ocrx_word' id='word_1_107' title='bbox 604 2041 738 2100; x_wconf 85' lang='lat' dir='ltr'><strong>vestrum,</strong></span> <span class='ocrx_word' id='word_1_108' title='bbox 752 2030 903 2101; x_wconf 88' lang='lat' dir='ltr'><strong>Granium,</strong></span> 
     </span>
     <span class='ocr_line' id='line_1_18' title="bbox 119 2125 904 2203; baseline -0.005 -17"><span class='ocrx_word' id='word_1_109' title='bbox 119 2139 170 2188; x_wconf 89' lang='lat' dir='ltr'><strong>aut</strong></span> <span class='ocrx_word' id='word_1_110' title='bbox 189 2128 354 2203; x_wconf 84' lang='lat' dir='ltr'><strong>Vargulam,</strong></span> <span class='ocrx_word' id='word_1_111' title='bbox 376 2127 500 2200; x_wconf 86' lang='lat' dir='ltr'><strong>amicum</strong></span> <span class='ocrx_word' id='word_1_112' title='bbox 526 2128 642 2184; x_wconf 87' lang='lat' dir='ltr'><strong>menml</strong></span> <span class='ocrx_word' id='word_1_113' title='bbox 696 2125 775 2195; x_wconf 86' lang='lat' dir='ltr'><strong>Non,</strong></span> <span class='ocrx_word' id='word_1_114' title='bbox 795 2126 904 2182; x_wconf 90' lang='lat' dir='ltr'><strong>meher-</strong></span> 
     </span>
     <span class='ocr_line' id='line_1_19' title="bbox 121 2219 904 2296; baseline -0.001 -16"><span class='ocrx_word' id='word_1_115' title='bbox 121 2223 197 2293; x_wconf 86' lang='lat' dir='ltr'><strong>cule,</strong></span> <span class='ocrx_word' id='word_1_116' title='bbox 212 2223 240 2279; x_wconf 94' lang='lat' dir='ltr'><strong>in</strong></span> <span class='ocrx_word' id='word_1_117' title='bbox 256 2231 381 2280; x_wconf 84' lang='lat' dir='ltr'><strong>meatem</strong></span> <span class='ocrx_word' id='word_1_118' title='bbox 400 2221 471 2280; x_wconf 89' lang='lat' dir='ltr'><strong>mihi</strong></span> <span class='ocrx_word' id='word_1_119' title='bbox 492 2221 611 2296; x_wconf 85' lang='lat' dir='ltr'><strong>quidem·</strong></span> <span class='ocrx_word' id='word_1_120' title='bbox 626 2219 721 2278; x_wconf 83' lang='lat' dir='ltr'><strong>venit:</strong></span> <span class='ocrx_word' id='word_1_121' title='bbox 741 2230 808 2276; x_wconf 88' lang='lat' dir='ltr'><strong>sunt</strong></span> <span class='ocrx_word' id='word_1_122' title='bbox 827 2219 904 2279; x_wconf 83' lang='lat' dir='ltr'><strong>enim</strong></span> 
     </span>
     <span class='ocr_line' id='line_1_20' title="bbox 121 2315 903 2392; baseline -0.001 -16"><span class='ocrx_word' id='word_1_123' title='bbox 121 2319 238 2376; x_wconf 85' lang='lat' dir='ltr'><strong>dicaces</strong></span> <span class='ocrx_word' id='word_1_124' title='bbox 245 2339 253 2390; x_wconf 90' lang='lat'>;</span> <span class='ocrx_word' id='word_1_125' title='bbox 280 2317 390 2376; x_wconf 86' lang='lat' dir='ltr'><strong>Granio</strong></span> <span class='ocrx_word' id='word_1_126' title='bbox 409 2316 532 2392; x_wconf 58' lang='lat' dir='ltr'><strong>quidem,</strong></span> <span class='ocrx_word' id='word_1_127' title='bbox 545 2335 630 2374; x_wconf 85' lang='lat' dir='ltr'><strong>nemo</strong></span> <span class='ocrx_word' id='word_1_128' title='bbox 649 2316 785 2374; x_wconf 77' lang='lat' dir='ltr'><strong>dicacior.</strong></span> <span class='ocrx_word' id='word_1_129' title='bbox 826 2315 903 2390; x_wconf 85' lang='lat' dir='ltr'><strong>Hoc,</strong></span> 
     </span>
     <span class='ocr_line' id='line_1_21' title="bbox 120 2399 967 2492; baseline -0.005 -19"><span class='ocrx_word' id='word_1_130' title='bbox 120 2416 231 2492; x_wconf 86' lang='lat' dir='ltr'><strong>opinor,</strong></span> <span class='ocrx_word' id='word_1_131' title='bbox 265 2414 397 2491; x_wconf 89' lang='lat' dir='ltr'><strong>primum,</strong></span> <span class='ocrx_word' id='word_1_132' title='bbox 430 2431 477 2484; x_wconf 88' lang='lat' dir='ltr'><strong>ne,</strong></span> <span class='ocrx_word' id='word_1_133' title='bbox 511 2412 746 2487; x_wconf 86' lang='lat' dir='ltr'><strong>quotiescumque</strong></span> <span class='ocrx_word' id='word_1_134' title='bbox 778 2413 901 2488; x_wconf 90' lang='lat' dir='ltr'><strong>potuerit</strong></span> <span class='ocrx_word' id='word_1_135' title='bbox 918 2399 967 2477; x_wconf 72' lang='lat' dir='ltr'><strong>aa</strong></span> 
     </span>
     <span class='ocr_line' id='line_1_22' title="bbox 120 2507 902 2581; baseline -0.004 -11"><span class='ocrx_word' id='word_1_136' title='bbox 120 2513 229 2570; x_wconf 88' lang='lat' dir='ltr'><strong>dietum</strong></span> <span class='ocrx_word' id='word_1_137' title='bbox 244 2510 312 2581; x_wconf 91' lang='lat' dir='ltr'><strong>dici,</strong></span> <span class='ocrx_word' id='word_1_138' title='bbox 327 2527 446 2569; x_wconf 86' lang='lat' dir='ltr'><strong>necesse</strong></span> <span class='ocrx_word' id='word_1_139' title='bbox 461 2508 616 2566; x_wconf 83' lang='lat' dir='ltr'><strong>habeamus</strong></span> <span class='ocrx_word' id='word_1_140' title='bbox 634 2508 738 2565; x_wconf 86' lang='lat' dir='ltr'><strong>dicere.</strong></span> <span class='ocrx_word' id='word_1_141' title='bbox 779 2507 902 2568; x_wconf 86' lang='lat' dir='ltr'><strong>Pusillus</strong></span> 
     </span>
     <span class='ocr_line' id='line_1_23' title="bbox 120 2603 900 2684; baseline -0.005 -18"><span class='ocrx_word' id='word_1_142' title='bbox 120 2606 204 2666; x_wconf 62' lang='lat' dir='ltr'><strong>tastis*</strong></span> <span class='ocrx_word' id='word_1_143' title='bbox 227 2606 375 2684; x_wconf 86' lang='lat' dir='ltr'><strong>processit.</strong></span> <span class='ocrx_word' id='word_1_144' title='bbox 425 2605 565 2676; x_wconf 87' lang='lat' dir='ltr'><strong>“Licet,’&#39;</strong></span> <span class='ocrx_word' id='word_1_145' title='bbox 594 2603 695 2679; x_wconf 85' lang='lat' dir='ltr'><strong>inquit,</strong></span> <span class='ocrx_word' id='word_1_146' title='bbox 729 2607 900 2680; x_wconf 77' lang='lat' dir='ltr'><strong>“rogaret”</strong></span> 
     </span>
     <span class='ocr_line' id='line_1_24' title="bbox 120 2700 903 2784; baseline -0.005 -22"><span class='ocrx_word' id='word_1_147' title='bbox 120 2705 277 2780; x_wconf 82' lang='lat' dir='ltr'><strong>Philippus.</strong></span> <span class='ocrx_word' id='word_1_148' title='bbox 331 2702 408 2776; x_wconf 86' lang='lat' dir='ltr'><strong>Tum</strong></span> <span class='ocrx_word' id='word_1_149' title='bbox 436 2701 568 2784; x_wconf 75' lang='lat' dir='ltr'><strong>quasitot</strong></span> <span class='ocrx_word' id='word_1_150' title='bbox 594 2719 758 2780; x_wconf 86' lang='lat' dir='ltr'><strong>properans,</strong></span> <span class='ocrx_word' id='word_1_151' title='bbox 786 2700 903 2761; x_wconf 88' lang='lat' dir='ltr'><strong>“Modo</strong></span> 
     </span>
     <span class='ocr_line' id='line_1_25' title="bbox 121 2796 903 2874; baseline -0.006 -15"><span class='ocrx_word' id='word_1_152' title='bbox 121 2801 269 2859; x_wconf 84' lang='lat' dir='ltr'><strong>breviter.&#39;&#39;</strong></span> <span class='ocrx_word' id='word_1_153' title='bbox 312 2798 371 2856; x_wconf 86' lang='lat' dir='ltr'><strong>Hic</strong></span> <span class='ocrx_word' id='word_1_154' title='bbox 392 2797 449 2869; x_wconf 85' lang='lat' dir='ltr'><strong>ille,</strong></span> <span class='ocrx_word' id='word_1_155' title='bbox 465 2797 562 2854; x_wconf 89' lang='lat' dir='ltr'><strong>“Non</strong></span> <span class='ocrx_word' id='word_1_156' title='bbox 582 2797 746 2856; x_wconf 87' lang='lat' dir='ltr'><strong>accusabis:</strong></span> <span class='ocrx_word' id='word_1_157' title='bbox 767 2796 903 2874; x_wconf 88' lang='lat' dir='ltr'><strong>perpusil-</strong></span> 
     </span>
     <span class='ocr_line' id='line_1_26' title="bbox 121 2894 949 2974; baseline -0.005 -20"><span class='ocrx_word' id='word_1_158' title='bbox 121 2897 181 2954; x_wconf 91' lang='lat' dir='ltr'><strong>lum</strong></span> <span class='ocrx_word' id='word_1_159' title='bbox 208 2897 341 2974; x_wconf 86' lang='lat' dir='ltr'><strong>rogabo.”</strong></span> <span class='ocrx_word' id='word_1_160' title='bbox 393 2894 539 2952; x_wconf 87' lang='lat' dir='ltr'><strong>Ridicule.</strong></span> <span class='ocrx_word' id='word_1_161' title='bbox 590 2895 649 2951; x_wconf 84' lang='lat' dir='ltr'><strong>Sed</strong></span> <span class='ocrx_word' id='word_1_162' title='bbox 675 2894 792 2951; x_wconf 86' lang='lat' dir='ltr'><strong>sedebat</strong></span> <span class='ocrx_word' id='word_1_163' title='bbox 816 2894 903 2969; x_wconf 81' lang='lat' dir='ltr'><strong>judex</strong></span> <span class='ocrx_word' id='word_1_164' title='bbox 918 2906 949 2956; x_wconf 78' lang='lat'><strong>25</strong></span> 
     </span>
     <span class='ocr_line' id='line_1_27' title="bbox 122 2990 901 3065; baseline -0.005 -14"><span class='ocrx_word' id='word_1_165' title='bbox 122 2993 156 3054; x_wconf 89' lang='lat' dir='ltr'><strong>L.</strong></span> <span class='ocrx_word' id='word_1_166' title='bbox 185 2992 314 3065; x_wconf 79' lang='lat' dir='ltr'><strong>Aurifex,</strong></span> <span class='ocrx_word' id='word_1_167' title='bbox 341 2991 451 3051; x_wconf 85' lang='lat' dir='ltr'><strong>brevior</strong></span> <span class='ocrx_word' id='word_1_168' title='bbox 483 2991 577 3062; x_wconf 89' lang='lat' dir='ltr'><strong>etiam,</strong></span> <span class='ocrx_word' id='word_1_169' title='bbox 606 3009 690 3065; x_wconf 92' lang='lat' dir='ltr'><strong>quam</strong></span> <span class='ocrx_word' id='word_1_170' title='bbox 717 2991 798 3048; x_wconf 89' lang='lat' dir='ltr'><strong>testis</strong></span> <span class='ocrx_word' id='word_1_171' title='bbox 824 2990 901 3065; x_wconf 70' lang='lat' dir='ltr'><strong>ipsez</strong></span> 
     </span>
     <span class='ocr_line' id='line_1_28' title="bbox 122 3085 902 3167; baseline -0.006 -17"><span class='ocrx_word' id='word_1_172' title='bbox 122 3087 217 3156; x_wconf 85' lang='lat' dir='ltr'><strong>omnis</strong></span> <span class='ocrx_word' id='word_1_173' title='bbox 236 3099 280 3150; x_wconf 85' lang='lat' dir='ltr'><strong>est</strong></span> <span class='ocrx_word' id='word_1_174' title='bbox 305 3089 379 3150; x_wconf 85' lang='lat' dir='ltr'><strong>risus</strong></span> <span class='ocrx_word' id='word_1_175' title='bbox 404 3087 434 3164; x_wconf 83' lang='lat' dir='ltr'><strong>iu</strong></span> <span class='ocrx_word' id='word_1_176' title='bbox 457 3087 586 3167; x_wconf 83' lang='lat' dir='ltr'><strong>judicem</strong></span> <span class='ocrx_word' id='word_1_177' title='bbox 613 3106 783 3151; x_wconf 83' lang='lat' dir='ltr'><strong>conversus:</strong></span> <span class='ocrx_word' id='word_1_178' title='bbox 810 3085 902 3167; x_wconf 76' lang='lat' dir='ltr'><strong>risum</strong></span> 
     </span>
    </p>
   </div>
   <div class='ocr_carea' id='block_1_4' title="bbox 0 0 1096 3575">
    <p class='ocr_par' dir='ltr' id='par_1_4' title="bbox 0 0 1096 3575">
     <span class='ocr_line' id='line_1_29' title="bbox 0 0 1096 3575; baseline 0 0"><span class='ocrx_word' id='word_1_179' title='bbox 0 0 1096 3575; x_wconf 95' lang='lat' dir='ltr'><strong> </strong></span> 
     </span>
    </p>
   </div>
  </div>
 </body>
</html>
