<?xml version="1.0" encoding="UTF-8"?>
<!DOCTYPE html PUBLIC "-//W3C//DTD XHTML 1.0 Transitional//EN"
    "http://www.w3.org/TR/xhtml1/DTD/xhtml1-transitional.dtd">
<html xmlns="http://www.w3.org/1999/xhtml" xml:lang="en" lang="en">
 <head>
  <title>
</title>
<meta http-equiv="Content-Type" content="text/html;charset=utf-8" />
  <meta name='ocr-system' content='tesseract 3.04.00' />
  <meta name='ocr-capabilities' content='ocr_page ocr_carea ocr_par ocr_line ocrx_word'/>
</head>
<body>
  <div class='ocr_page' id='page_1' title='image "./mtciceronisadqu02dillgoog_0167.png"; bbox 0 0 2184 3575; ppageno 0'>
   <div class='ocr_carea' id='block_1_1' title="bbox 112 317 944 392">
    <p class='ocr_par' dir='ltr' id='par_1_1' title="bbox 112 317 944 392">
     <span class='ocr_line' id='line_1_1' title="bbox 112 317 944 392; baseline -0.004 -14"><span class='ocrx_word' id='word_1_1' title='bbox 112 326 139 378; x_wconf 86' lang='lat' dir='ltr'><strong>t.</strong></span> <span class='ocrx_word' id='word_1_2' title='bbox 150 330 205 392; x_wconf 53' lang='lat'>1112]</span> <span class='ocrx_word' id='word_1_3' title='bbox 395 327 437 378; x_wconf 76' lang='lat' dir='ltr'><strong>m:</strong></span> <span class='ocrx_word' id='word_1_4' title='bbox 459 327 623 378; x_wconf 71' lang='lat' dir='ltr'><strong>ortamno.</strong></span> <span class='ocrx_word' id='word_1_5' title='bbox 695 321 700 332; x_wconf 93' lang='grc'><strong>“</strong></span> <span class='ocrx_word' id='word_1_6' title='bbox 890 317 944 376; x_wconf 83' lang='grc'><strong>161</strong></span> 
     </span>
    </p>
   </div>
   <div class='ocr_carea' id='block_1_2' title="bbox 109 477 947 2766">
    <p class='ocr_par' dir='ltr' id='par_1_2' title="bbox 111 477 899 654">
     <span class='ocr_line' id='line_1_2' title="bbox 113 477 899 558; baseline -0.004 -19"><span class='ocrx_word' id='word_1_7' title='bbox 113 477 299 557; x_wconf 77' lang='lat' dir='ltr'><strong>interpellavi,</strong></span> <span class='ocrx_word' id='word_1_8' title='bbox 313 499 352 538; x_wconf 89' lang='lat' dir='ltr'><strong>ne</strong></span> <span class='ocrx_word' id='word_1_9' title='bbox 365 481 432 556; x_wconf 90' lang='lat' dir='ltr'><strong>quid</strong></span> <span class='ocrx_word' id='word_1_10' title='bbox 447 481 484 538; x_wconf 90' lang='lat' dir='ltr'><strong>de</strong></span> <span class='ocrx_word' id='word_1_11' title='bbox 497 482 555 540; x_wconf 93' lang='lat' dir='ltr'><strong>hoc</strong></span> <span class='ocrx_word' id='word_1_12' title='bbox 567 491 627 539; x_wconf 87' lang='lat' dir='ltr'><strong>tam</strong></span> <span class='ocrx_word' id='word_1_13' title='bbox 640 479 745 558; x_wconf 79' lang='lat' dir='ltr'><strong>exiguo</strong></span> <span class='ocrx_word' id='word_1_14' title='bbox 758 477 899 538; x_wconf 90' lang='lat' dir='ltr'><strong>sermonis</strong></span> 
     </span>
     <span class='ocr_line' id='line_1_3' title="bbox 111 577 792 654; baseline 0 -20"><span class='ocrx_word' id='word_1_15' title='bbox 111 578 155 636; x_wconf 89' lang='lat' dir='ltr'><strong>tui</strong></span> <span class='ocrx_word' id='word_1_16' title='bbox 168 588 304 654; x_wconf 89' lang='lat' dir='ltr'><strong>tempore,</strong></span> <span class='ocrx_word' id='word_1_17' title='bbox 320 580 404 636; x_wconf 90' lang='lat' dir='ltr'><strong>verbo</strong></span> <span class='ocrx_word' id='word_1_18' title='bbox 418 597 475 636; x_wconf 89' lang='lat' dir='ltr'><strong>uno</strong></span> <span class='ocrx_word' id='word_1_19' title='bbox 488 598 562 650; x_wconf 89' lang='lat' dir='ltr'><strong>meo,</strong></span> <span class='ocrx_word' id='word_1_20' title='bbox 577 577 792 635; x_wconf 82' lang='lat' dir='ltr'><strong>diminueretur.</strong></span> 
     </span>
    </p>

    <p class='ocr_par' dir='ltr' id='par_1_3' title="bbox 109 673 945 1905">
     <span class='ocr_line' id='line_1_4' title="bbox 152 673 898 752; baseline -0.001 -21"><span class='ocrx_word' id='word_1_21' title='bbox 152 674 237 732; x_wconf 89' lang='lat' dir='ltr'><strong>Hanc</strong></span> <span class='ocrx_word' id='word_1_22' title='bbox 257 675 353 752; x_wconf 84' lang='lat' dir='ltr'><strong>igitur,</strong></span> <span class='ocrx_word' id='word_1_23' title='bbox 375 674 496 732; x_wconf 83' lang='lat' dir='ltr'><strong>Crassus</strong></span> <span class='ocrx_word' id='word_1_24' title='bbox 522 675 624 749; x_wconf 88' lang='lat' dir='ltr'><strong>inquit,</strong></span> <span class='ocrx_word' id='word_1_25' title='bbox 646 675 682 731; x_wconf 86' lang='lat' dir='ltr'><strong>ad</strong></span> <span class='ocrx_word' id='word_1_26' title='bbox 704 673 898 750; x_wconf 82' lang='lat' dir='ltr'><strong>legem,&#39;cum</strong></span> 
     </span>
     <span class='ocr_line' id='line_1_5' title="bbox 112 770 899 848; baseline -0.001 -21"><span class='ocrx_word' id='word_1_27' title='bbox 112 771 326 842; x_wconf 82' lang='lat' dir='ltr'><strong>exercitatione,</strong></span> <span class='ocrx_word' id='word_1_28' title='bbox 340 781 401 830; x_wconf 89' lang='lat' dir='ltr'><strong>tum</strong></span> <span class='ocrx_word' id='word_1_29' title='bbox 415 772 481 828; x_wconf 93' lang='lat' dir='ltr'><strong>stilo</strong></span> <span class='ocrx_word' id='word_1_30' title='bbox 496 770 560 848; x_wconf 84' lang='lat' dir='ltr'><strong>(qui</strong></span> <span class='ocrx_word' id='word_1_31' title='bbox 574 781 603 828; x_wconf 92' lang='lat' dir='ltr'><strong>et</strong></span> <span class='ocrx_word' id='word_1_32' title='bbox 617 771 683 842; x_wconf 80' lang='lat' dir='ltr'><strong>elia,</strong></span> <span class='ocrx_word' id='word_1_33' title='bbox 697 780 726 827; x_wconf 90' lang='lat' dir='ltr'><strong>et</strong></span> <span class='ocrx_word' id='word_1_34' title='bbox 739 770 796 827; x_wconf 89' lang='lat' dir='ltr'><strong>hoc</strong></span> <span class='ocrx_word' id='word_1_35' title='bbox 811 770 899 827; x_wconf 85' lang='lat' dir='ltr'><strong>maxi·</strong></span> 
     </span>
     <span class='ocr_line' id='line_1_6' title="bbox 111 865 930 945; baseline -0.004 -23"><span class='ocrx_word' id='word_1_36' title='bbox 111 884 157 922; x_wconf 87' lang='lat' dir='ltr'><strong>rne</strong></span> <span class='ocrx_word' id='word_1_37' title='bbox 177 878 259 924; x_wconf 89' lang='lat' dir='ltr'><strong>ornat</strong></span> <span class='ocrx_word' id='word_1_38' title='bbox 280 886 314 924; x_wconf 88' lang='lat' dir='ltr'><strong>ac</strong></span> <span class='ocrx_word' id='word_1_39' title='bbox 334 867 439 945; x_wconf 89' lang='lat' dir='ltr'><strong>limat),</strong></span> <span class='ocrx_word' id='word_1_40' title='bbox 461 865 610 939; x_wconf 85' lang='lat' dir='ltr'><strong>formanda</strong></span> <span class='ocrx_word' id='word_1_41' title='bbox 629 866 711 923; x_wconf 89' lang='lat' dir='ltr'><strong>vobis</strong></span> <span class='ocrx_word' id='word_1_42' title='bbox 733 865 826 922; x_wconf 89' lang='lat' dir='ltr'><strong>oratio</strong></span> <span class='ocrx_word' id='word_1_43' title='bbox 845 869 930 923; x_wconf 82' lang='lat' dir='ltr'><strong>est5</strong></span> 
     </span>
     <span class='ocr_line' id='line_1_7' title="bbox 109 961 899 1038; baseline -0.003 -19"><span class='ocrx_word' id='word_1_44' title='bbox 109 961 214 1038; x_wconf 86' lang='lat' dir='ltr'><strong>Neque</strong></span> <span class='ocrx_word' id='word_1_45' title='bbox 234 973 330 1020; x_wconf 89' lang='lat' dir='ltr'><strong>tamen</strong></span> <span class='ocrx_word' id='word_1_46' title='bbox 351 963 407 1020; x_wconf 90' lang='lat' dir='ltr'><strong>hoo</strong></span> <span class='ocrx_word' id='word_1_47' title='bbox 427 963 499 1020; x_wconf 84' lang='lat' dir='ltr'><strong>tenti</strong></span> <span class='ocrx_word' id='word_1_48' title='bbox 519 963 625 1020; x_wconf 86' lang='lat' dir='ltr'><strong>laboris</strong></span> <span class='ocrx_word' id='word_1_49' title='bbox 643 972 696 1033; x_wconf 81' lang='lat' dir='ltr'><strong>est,</strong></span> <span class='ocrx_word' id='word_1_50' title='bbox 709 961 808 1038; x_wconf 88' lang='lat' dir='ltr'><strong>quanti</strong></span> <span class='ocrx_word' id='word_1_51' title='bbox 822 961 899 1018; x_wconf 87' lang='lat' dir='ltr'><strong>vide·</strong></span> 
     </span>
     <span class='ocr_line' id='line_1_8' title="bbox 109 1058 898 1134; baseline -0.003 -18"><span class='ocrx_word' id='word_1_52' title='bbox 109 1069 172 1116; x_wconf 88' lang='lat' dir='ltr'><strong>tur:</strong></span> <span class='ocrx_word' id='word_1_53' title='bbox 194 1079 249 1117; x_wconf 89' lang='lat' dir='ltr'><strong>nec</strong></span> <span class='ocrx_word' id='word_1_54' title='bbox 263 1070 329 1116; x_wconf 90' lang='lat' dir='ltr'><strong>sunt</strong></span> <span class='ocrx_word' id='word_1_55' title='bbox 343 1059 405 1116; x_wconf 83' lang='lat' dir='ltr'><strong>haec</strong></span> <span class='ocrx_word' id='word_1_56' title='bbox 426 1058 651 1134; x_wconf 88' lang='lat' dir='ltr'><strong>rhythmicorum</strong></span> <span class='ocrx_word' id='word_1_57' title='bbox 673 1078 706 1117; x_wconf 88' lang='lat' dir='ltr'><strong>ac</strong></span> <span class='ocrx_word' id='word_1_58' title='bbox 722 1060 898 1116; x_wconf 87' lang='lat' dir='ltr'><strong>musicorum</strong></span> 
     </span>
     <span class='ocr_line' id='line_1_9' title="bbox 109 1153 898 1230; baseline -0.001 -19"><span class='ocrx_word' id='word_1_59' title='bbox 109 1155 251 1212; x_wconf 68' lang='lat' dir='ltr'><strong>acerrimi</strong></span> <span class='ocrx_word' id='word_1_60' title='bbox 274 1155 375 1212; x_wconf 75' lang='lat' dir='ltr'><strong>novmd</strong></span> <span class='ocrx_word' id='word_1_61' title='bbox 400 1154 565 1230; x_wconf 86' lang='lat' dir='ltr'><strong>dirigenda:</strong></span> <span class='ocrx_word' id='word_1_62' title='bbox 596 1165 626 1210; x_wconf 91' lang='lat' dir='ltr'><strong>et</strong></span> <span class='ocrx_word' id='word_1_63' title='bbox 648 1153 831 1211; x_wconf 86' lang='lat' dir='ltr'><strong>efficiendum</strong></span> <span class='ocrx_word' id='word_1_64' title='bbox 854 1163 898 1210; x_wconf 91' lang='lat' dir='ltr'><strong>est</strong></span> 
     </span>
     <span class='ocr_line' id='line_1_10' title="bbox 109 1249 898 1326; baseline 0 -20"><span class='ocrx_word' id='word_1_65' title='bbox 109 1249 182 1306; x_wconf 86' lang='lat' dir='ltr'><strong>illud</strong></span> <span class='ocrx_word' id='word_1_66' title='bbox 202 1251 287 1307; x_wconf 90' lang='lat' dir='ltr'><strong>modo</strong></span> <span class='ocrx_word' id='word_1_67' title='bbox 307 1249 397 1319; x_wconf 87' lang='lat' dir='ltr'><strong>vobis,</strong></span> <span class='ocrx_word' id='word_1_68' title='bbox 412 1268 448 1306; x_wconf 90' lang='lat' dir='ltr'><strong>ne</strong></span> <span class='ocrx_word' id='word_1_69' title='bbox 462 1249 531 1306; x_wconf 87' lang='lat' dir='ltr'><strong>fluat</strong></span> <span class='ocrx_word' id='word_1_70' title='bbox 551 1250 654 1321; x_wconf 88' lang='lat' dir='ltr'><strong>oratic,</strong></span> <span class='ocrx_word' id='word_1_71' title='bbox 668 1268 706 1306; x_wconf 89' lang='lat' dir='ltr'><strong>ne</strong></span> <span class='ocrx_word' id='word_1_72' title='bbox 718 1261 845 1326; x_wconf 86' lang='lat' dir='ltr'><strong>vagetur,</strong></span> <span class='ocrx_word' id='word_1_73' title='bbox 859 1268 898 1306; x_wconf 90' lang='lat' dir='ltr'><strong>ne</strong></span> 
     </span>
     <span class='ocr_line' id='line_1_11' title="bbox 112 1344 945 1421; baseline 0 -19"><span class='ocrx_word' id='word_1_74' title='bbox 112 1345 224 1403; x_wconf 87' lang='lat' dir='ltr'><strong>insistat</strong></span> <span class='ocrx_word' id='word_1_75' title='bbox 244 1345 373 1416; x_wconf 90' lang='lat' dir='ltr'><strong>interius,</strong></span> <span class='ocrx_word' id='word_1_76' title='bbox 394 1364 431 1402; x_wconf 90' lang='lat' dir='ltr'><strong>ne</strong></span> <span class='ocrx_word' id='word_1_77' title='bbox 452 1354 584 1402; x_wconf 81' lang='lat' dir='ltr'><strong>excurrat</strong></span> <span class='ocrx_word' id='word_1_78' title='bbox 603 1344 734 1421; x_wconf 80' lang='lat' dir='ltr'><strong>longius3</strong></span> <span class='ocrx_word' id='word_1_79' title='bbox 759 1354 791 1401; x_wconf 88' lang='lat' dir='ltr'><strong>ut</strong></span> <span class='ocrx_word' id='word_1_80' title='bbox 810 1363 898 1402; x_wconf 89' lang='lat' dir='ltr'><strong>mem·</strong></span> <span class='ocrx_word' id='word_1_81' title='bbox 912 1353 945 1402; x_wconf 88' lang='lat' dir='ltr'><strong>lo</strong></span> 
     </span>
     <span class='ocr_line' id='line_1_12' title="bbox 111 1440 898 1518; baseline -0.001 -20"><span class='ocrx_word' id='word_1_82' title='bbox 111 1441 170 1498; x_wconf 88' lang='lat' dir='ltr'><strong>bris</strong></span> <span class='ocrx_word' id='word_1_83' title='bbox 183 1441 384 1518; x_wconf 87' lang='lat' dir='ltr'><strong>distinguatur,</strong></span> <span class='ocrx_word' id='word_1_84' title='bbox 399 1457 431 1499; x_wconf 93' lang='lat' dir='ltr'><strong>ut</strong></span> <span class='ocrx_word' id='word_1_85' title='bbox 444 1440 646 1498; x_wconf 80' lang='lat' dir='ltr'><strong>conversiones</strong></span> <span class='ocrx_word' id='word_1_86' title='bbox 666 1441 769 1498; x_wconf 86' lang='lat' dir='ltr'><strong>habeat</strong></span> <span class='ocrx_word' id='word_1_87' title='bbox 787 1440 898 1497; x_wconf 87' lang='lat' dir='ltr'><strong>absolu-</strong></span> 
     </span>
     <span class='ocr_line' id='line_1_13' title="bbox 111 1536 898 1613; baseline -0.001 -18"><span class='ocrx_word' id='word_1_88' title='bbox 111 1548 162 1596; x_wconf 86' lang='lat' dir='ltr'><strong>tas.</strong></span> <span class='ocrx_word' id='word_1_89' title='bbox 203 1538 308 1613; x_wconf 82' lang='lat' dir='ltr'><strong>Neque</strong></span> <span class='ocrx_word' id='word_1_90' title='bbox 320 1557 432 1613; x_wconf 89' lang='lat' dir='ltr'><strong>semper</strong></span> <span class='ocrx_word' id='word_1_91' title='bbox 446 1537 585 1594; x_wconf 91' lang='lat' dir='ltr'><strong>utendum</strong></span> <span class='ocrx_word' id='word_1_92' title='bbox 598 1547 642 1594; x_wconf 90' lang='lat' dir='ltr'><strong>est</strong></span> <span class='ocrx_word' id='word_1_93' title='bbox 655 1536 853 1613; x_wconf 84' lang='lat' dir='ltr'><strong>perpetuitate,</strong></span> <span class='ocrx_word' id='word_1_94' title='bbox 868 1546 898 1594; x_wconf 90' lang='lat' dir='ltr'><strong>et</strong></span> 
     </span>
     <span class='ocr_line' id='line_1_14' title="bbox 110 1631 899 1708; baseline -0.004 -14"><span class='ocrx_word' id='word_1_95' title='bbox 110 1635 192 1708; x_wconf 88' lang='lat' dir='ltr'><strong>quusi</strong></span> <span class='ocrx_word' id='word_1_96' title='bbox 213 1634 399 1692; x_wconf 80' lang='lat' dir='ltr'><strong>conversione</strong></span> <span class='ocrx_word' id='word_1_97' title='bbox 420 1632 645 1705; x_wconf 87' lang='lat' dir='ltr'><strong>verborum‚·sed</strong></span> <span class='ocrx_word' id='word_1_98' title='bbox 666 1652 741 1708; x_wconf 83' lang='lat' dir='ltr'><strong>saepe</strong></span> <span class='ocrx_word' id='word_1_99' title='bbox 755 1631 899 1708; x_wconf 86' lang='lat' dir='ltr'><strong>carpenda</strong></span> 
     </span>
     <span class='ocr_line' id='line_1_15' title="bbox 111 1730 897 1806; baseline -0.001 -17"><span class='ocrx_word' id='word_1_100' title='bbox 111 1731 245 1789; x_wconf 89' lang='lat' dir='ltr'><strong>membris</strong></span> <span class='ocrx_word' id='word_1_101' title='bbox 272 1731 473 1789; x_wconf 87' lang='lat' dir='ltr'><strong>minutioribus</strong></span> <span class='ocrx_word' id='word_1_102' title='bbox 500 1730 592 1789; x_wconf 87' lang='lat' dir='ltr'><strong>oratio</strong></span> <span class='ocrx_word' id='word_1_103' title='bbox 626 1739 679 1801; x_wconf 91' lang='lat' dir='ltr'><strong>est,</strong></span> <span class='ocrx_word' id='word_1_104' title='bbox 712 1748 775 1806; x_wconf 77' lang='lat' dir='ltr'><strong>qum</strong></span> <span class='ocrx_word' id='word_1_105' title='bbox 800 1739 897 1788; x_wconf 84' lang='lat' dir='ltr'><strong>tumen</strong></span> 
     </span>
     <span class='ocr_line' id='line_1_16' title="bbox 110 1828 945 1905; baseline 0.001 -19"><span class='ocrx_word' id='word_1_106' title='bbox 110 1828 172 1905; x_wconf 87' lang='lat' dir='ltr'><strong>ipsa</strong></span> <span class='ocrx_word' id='word_1_107' title='bbox 186 1830 313 1887; x_wconf 90' lang='lat' dir='ltr'><strong>membra</strong></span> <span class='ocrx_word' id='word_1_108' title='bbox 326 1840 392 1887; x_wconf 87' lang='lat' dir='ltr'><strong>sunt</strong></span> <span class='ocrx_word' id='word_1_109' title='bbox 404 1828 532 1886; x_wconf 88' lang='lat' dir='ltr'><strong>numeris</strong></span> <span class='ocrx_word' id='word_1_110' title='bbox 545 1828 707 1885; x_wconf 84' lang='lat' dir='ltr'><strong>vincienda.</strong></span> <span class='ocrx_word' id='word_1_111' title='bbox 912 1838 945 1887; x_wconf 83' lang='lat'><strong>15</strong></span> 
     </span>
    </p>

    <p class='ocr_par' dir='ltr' id='par_1_4' title="bbox 111 1923 947 2766">
     <span class='ocr_line' id='line_1_17' title="bbox 148 1923 894 2001; baseline -0.001 -20"><span class='ocrx_word' id='word_1_112' title='bbox 148 1924 252 2001; x_wconf 89' lang='lat' dir='ltr'><strong>Neque</strong></span> <span class='ocrx_word' id='word_1_113' title='bbox 273 1944 323 1982; x_wconf 90' lang='lat' dir='ltr'><strong>vos</strong></span> <span class='ocrx_word' id='word_1_114' title='bbox 343 1944 424 2000; x_wconf 80' lang='lat' dir='ltr'><strong>paeon</strong></span> <span class='ocrx_word' id='word_1_115' title='bbox 444 1934 496 1982; x_wconf 86' lang='lat' dir='ltr'><strong>aut</strong></span> <span class='ocrx_word' id='word_1_116' title='bbox 520 1924 625 1981; x_wconf 91' lang='lat' dir='ltr'><strong>herous</strong></span> <span class='ocrx_word' id='word_1_117' title='bbox 650 1923 699 1981; x_wconf 89' lang='lat' dir='ltr'><strong>ille</strong></span> <span class='ocrx_word' id='word_1_118' title='bbox 726 1924 894 1981; x_wconf 87' lang='lat' dir='ltr'><strong>conturbet:</strong></span> 
     </span>
     <span class='ocr_line' id='line_1_18' title="bbox 111 2020 895 2097; baseline -0.004 -18"><span class='ocrx_word' id='word_1_119' title='bbox 111 2021 165 2097; x_wconf 92' lang='lat' dir='ltr'><strong>ipsi</strong></span> <span class='ocrx_word' id='word_1_120' title='bbox 179 2030 332 2079; x_wconf 83' lang='lat' dir='ltr'><strong>occurrent</strong></span> <span class='ocrx_word' id='word_1_121' title='bbox 345 2020 485 2078; x_wconf 88' lang='lat' dir='ltr'><strong>orationi:</strong></span> <span class='ocrx_word' id='word_1_122' title='bbox 507 2020 571 2095; x_wconf 88' lang='lat' dir='ltr'><strong>ipsi,</strong></span> <span class='ocrx_word' id='word_1_123' title='bbox 582 2020 708 2096; x_wconf 88' lang='lat' dir='ltr'><strong>inquam,</strong></span> <span class='ocrx_word' id='word_1_124' title='bbox 722 2038 753 2075; x_wconf 90' lang='lat' dir='ltr'><strong>se</strong></span> <span class='ocrx_word' id='word_1_125' title='bbox 765 2020 895 2090; x_wconf 82' lang='lat' dir='ltr'><strong>offerent,</strong></span> 
     </span>
     <span class='ocr_line' id='line_1_19' title="bbox 111 2114 898 2194; baseline -0.003 -20"><span class='ocrx_word' id='word_1_126' title='bbox 111 2128 140 2174; x_wconf 93' lang='lat' dir='ltr'><strong>et</strong></span> <span class='ocrx_word' id='word_1_127' title='bbox 153 2118 375 2194; x_wconf 90' lang='lat' dir='ltr'><strong>respondebunt,</strong></span> <span class='ocrx_word' id='word_1_128' title='bbox 390 2135 447 2173; x_wconf 91' lang='lat' dir='ltr'><strong>non</strong></span> <span class='ocrx_word' id='word_1_129' title='bbox 460 2115 564 2173; x_wconf 87' lang='lat' dir='ltr'><strong>vocati.</strong></span> <span class='ocrx_word' id='word_1_130' title='bbox 605 2115 794 2171; x_wconf 84' lang='lat' dir='ltr'><strong>Consuetudo</strong></span> <span class='ocrx_word' id='word_1_131' title='bbox 814 2114 898 2172; x_wconf 88' lang='lat' dir='ltr'><strong>modo</strong></span> 
     </span>
     <span class='ocr_line' id='line_1_20' title="bbox 112 2210 897 2285; baseline -0.005 -14"><span class='ocrx_word' id='word_1_132' title='bbox 112 2214 161 2271; x_wconf 88' lang='lat' dir='ltr'><strong>illa</strong></span> <span class='ocrx_word' id='word_1_133' title='bbox 187 2224 223 2269; x_wconf 89' lang='lat' dir='ltr'><strong>srt</strong></span> <span class='ocrx_word' id='word_1_134' title='bbox 250 2211 394 2269; x_wconf 82' lang='lat' dir='ltr'><strong>scribendi</strong></span> <span class='ocrx_word' id='word_1_135' title='bbox 422 2220 505 2285; x_wconf 80' lang='lat' dir='ltr'><strong>etque</strong></span> <span class='ocrx_word' id='word_1_136' title='bbox 538 2210 664 2282; x_wconf 89' lang='lat' dir='ltr'><strong>dicendi,</strong></span> <span class='ocrx_word' id='word_1_137' title='bbox 691 2221 723 2268; x_wconf 90' lang='lat' dir='ltr'><strong>ut</strong></span> <span class='ocrx_word' id='word_1_138' title='bbox 748 2210 897 2267; x_wconf 85' lang='lat' dir='ltr'><strong>sententiae</strong></span> 
     </span>
     <span class='ocr_line' id='line_1_21' title="bbox 111 2305 947 2382; baseline -0.005 -16"><span class='ocrx_word' id='word_1_139' title='bbox 111 2310 205 2366; x_wconf 87' lang='lat' dir='ltr'><strong>verbis</strong></span> <span class='ocrx_word' id='word_1_140' title='bbox 218 2308 363 2378; x_wconf 83' lang='lat' dir='ltr'><strong>liniantur,</strong></span> <span class='ocrx_word' id='word_1_141' title='bbox 378 2324 532 2381; x_wconf 87' lang='lat' dir='ltr'><strong>eorumque</strong></span> <span class='ocrx_word' id='word_1_142' title='bbox 546 2307 698 2363; x_wconf 84' lang='lat' dir='ltr'><strong>verborum</strong></span> <span class='ocrx_word' id='word_1_143' title='bbox 709 2305 822 2382; x_wconf 88' lang='lat' dir='ltr'><strong>junctio</strong></span> <span class='ocrx_word' id='word_1_144' title='bbox 834 2325 898 2363; x_wconf 83' lang='lat' dir='ltr'><strong>nas-</strong></span> <span class='ocrx_word' id='word_1_145' title='bbox 912 2313 947 2363; x_wconf 77' lang='lat'><strong>20</strong></span> 
     </span>
     <span class='ocr_line' id='line_1_22' title="bbox 112 2402 896 2481; baseline -0.006 -16"><span class='ocrx_word' id='word_1_146' title='bbox 112 2416 192 2465; x_wconf 86' lang='lat' dir='ltr'><strong>catur</strong></span> <span class='ocrx_word' id='word_1_147' title='bbox 218 2424 236 2463; x_wconf 91' lang='lat' dir='ltr'><strong>a</strong></span> <span class='ocrx_word' id='word_1_148' title='bbox 262 2403 389 2481; x_wconf 87' lang='lat' dir='ltr'><strong>proceris</strong></span> <span class='ocrx_word' id='word_1_149' title='bbox 415 2402 542 2462; x_wconf 86' lang='lat' dir='ltr'><strong>numeris</strong></span> <span class='ocrx_word' id='word_1_150' title='bbox 576 2422 611 2460; x_wconf 87' lang='lat' dir='ltr'><strong>ac</strong></span> <span class='ocrx_word' id='word_1_151' title='bbox 638 2402 746 2474; x_wconf 90' lang='lat' dir='ltr'><strong>liberis,</strong></span> <span class='ocrx_word' id='word_1_152' title='bbox 774 2402 896 2461; x_wconf 83' lang='lat' dir='ltr'><strong>maxime</strong></span> 
     </span>
     <span class='ocr_line' id='line_1_23' title="bbox 111 2498 896 2575; baseline -0.004 -16"><span class='ocrx_word' id='word_1_153' title='bbox 111 2503 200 2559; x_wconf 85' lang='lat' dir='ltr'><strong>heroo</strong></span> <span class='ocrx_word' id='word_1_154' title='bbox 214 2511 243 2558; x_wconf 87' lang='lat' dir='ltr'><strong>et</strong></span> <span class='ocrx_word' id='word_1_155' title='bbox 255 2518 353 2575; x_wconf 87' lang='lat' dir='ltr'><strong>paeone</strong></span> <span class='ocrx_word' id='word_1_156' title='bbox 373 2498 530 2575; x_wconf 89' lang='lat' dir='ltr'><strong>posteriore</strong></span> <span class='ocrx_word' id='word_1_157' title='bbox 550 2508 599 2555; x_wconf 87' lang='lat' dir='ltr'><strong>aut</strong></span> <span class='ocrx_word' id='word_1_158' title='bbox 619 2498 736 2569; x_wconf 85' lang='lat' dir='ltr'><strong>cretico,</strong></span> <span class='ocrx_word' id='word_1_159' title='bbox 750 2498 800 2555; x_wconf 85' lang='lat' dir='ltr'><strong>sed</strong></span> <span class='ocrx_word' id='word_1_160' title='bbox 818 2498 896 2556; x_wconf 85' lang='lat' dir='ltr'><strong>varie</strong></span> 
     </span>
     <span class='ocr_line' id='line_1_24' title="bbox 112 2594 896 2672; baseline -0.005 -15"><span class='ocrx_word' id='word_1_161' title='bbox 112 2599 302 2672; x_wconf 87' lang='lat' dir='ltr'><strong>distincteque</strong></span> <span class='ocrx_word' id='word_1_162' title='bbox 328 2596 467 2653; x_wconf 88' lang='lat' dir='ltr'><strong>considat.</strong></span> <span class='ocrx_word' id='word_1_163' title='bbox 518 2594 644 2652; x_wconf 84' lang='lat' dir='ltr'><strong>Notatur</strong></span> <span class='ocrx_word' id='word_1_164' title='bbox 670 2595 747 2651; x_wconf 89' lang='lat' dir='ltr'><strong>enim</strong></span> <span class='ocrx_word' id='word_1_165' title='bbox 773 2595 896 2653; x_wconf 85' lang='lat' dir='ltr'><strong>maxime</strong></span> 
     </span>
     <span class='ocr_line' id='line_1_25' title="bbox 112 2690 896 2766; baseline -0.004 -14"><span class='ocrx_word' id='word_1_166' title='bbox 112 2694 268 2753; x_wconf 79' lang='lat' dir='ltr'><strong>similitudo</strong></span> <span class='ocrx_word' id='word_1_167' title='bbox 295 2693 326 2755; x_wconf 87' lang='lat' dir='ltr'><strong>iu</strong></span> <span class='ocrx_word' id='word_1_168' title='bbox 353 2691 600 2766; x_wconf 88' lang='lat' dir='ltr'><strong>conquiescendo:</strong></span> <span class='ocrx_word' id='word_1_169' title='bbox 633 2701 672 2761; x_wconf 89' lang='lat' dir='ltr'><strong>et,</strong></span> <span class='ocrx_word' id='word_1_170' title='bbox 694 2690 724 2747; x_wconf 86' lang='lat' dir='ltr'><strong>si</strong></span> <span class='ocrx_word' id='word_1_171' title='bbox 756 2691 841 2766; x_wconf 90' lang='lat' dir='ltr'><strong>primi</strong></span> <span class='ocrx_word' id='word_1_172' title='bbox 867 2701 896 2749; x_wconf 90' lang='lat' dir='ltr'><strong>ct</strong></span> 
     </span>
    </p>
   </div>
   <div class='ocr_carea' id='block_1_3' title="bbox 18 2774 1045 2962">
    <p class='ocr_par' dir='ltr' id='par_1_5' title="bbox 18 2774 1045 2962">
     <span class='ocr_line' id='line_1_26' title="bbox 112 2774 1045 2867; baseline -0.003 -19"><span class='ocrx_word' id='word_1_173' title='bbox 112 2791 247 2867; x_wconf 87' lang='lat' dir='ltr'><strong>postremi</strong></span> <span class='ocrx_word' id='word_1_174' title='bbox 274 2790 316 2847; x_wconf 92' lang='lat' dir='ltr'><strong>illi</strong></span> <span class='ocrx_word' id='word_1_175' title='bbox 343 2788 430 2864; x_wconf 90' lang='lat' dir='ltr'><strong>pedes</strong></span> <span class='ocrx_word' id='word_1_176' title='bbox 457 2800 523 2845; x_wconf 90' lang='lat' dir='ltr'><strong>sunt</strong></span> <span class='ocrx_word' id='word_1_177' title='bbox 549 2787 605 2845; x_wconf 86' lang='lat' dir='ltr'><strong>hac</strong></span> <span class='ocrx_word' id='word_1_178' title='bbox 636 2787 750 2845; x_wconf 87' lang='lat' dir='ltr'><strong>ratione</strong></span> <span class='ocrx_word' id='word_1_179' title='bbox 781 2788 895 2860; x_wconf 84' lang='lat' dir='ltr'><strong>servati,</strong></span> <span class='ocrx_word' id='word_1_180' title='bbox 911 2796 944 2845; x_wconf 72' lang='lat'><strong>25</strong></span> <span class='ocrx_word' id='word_1_181' title='bbox 1041 2774 1045 2797; x_wconf 78' lang='lat'><em>¹</em></span> 
     </span>
     <span class='ocr_line' id='line_1_27' title="bbox 18 2874 896 2962; baseline -0.005 -18"><span class='ocrx_word' id='word_1_182' title='bbox 18 2874 24 2888; x_wconf 50' lang='lat'>⁸</span> <span class='ocrx_word' id='word_1_183' title='bbox 112 2887 200 2945; x_wconf 90' lang='lat' dir='ltr'><strong>medii</strong></span> <span class='ocrx_word' id='word_1_184' title='bbox 225 2896 344 2962; x_wconf 88' lang='lat' dir='ltr'><strong>possunt</strong></span> <span class='ocrx_word' id='word_1_185' title='bbox 370 2885 468 2956; x_wconf 88' lang='lat' dir='ltr'><strong>latere,</strong></span> <span class='ocrx_word' id='word_1_186' title='bbox 496 2884 583 2942; x_wconf 91' lang='lat' dir='ltr'><strong>modo</strong></span> <span class='ocrx_word' id='word_1_187' title='bbox 609 2903 646 2940; x_wconf 92' lang='lat' dir='ltr'><strong>ne</strong></span> <span class='ocrx_word' id='word_1_188' title='bbox 673 2883 813 2941; x_wconf 83' lang='lat' dir='ltr'><strong>circuitus</strong></span> <span class='ocrx_word' id='word_1_189' title='bbox 835 2885 896 2960; x_wconf 87' lang='lat' dir='ltr'><strong>ipse</strong></span> 
     </span>
    </p>
   </div>
   <div class='ocr_carea' id='block_1_4' title="bbox 113 2981 895 3056">
    <p class='ocr_par' dir='ltr' id='par_1_6' title="bbox 113 2981 895 3056">
     <span class='ocr_line' id='line_1_28' title="bbox 113 2981 895 3056; baseline 0 -17"><span class='ocrx_word' id='word_1_190' title='bbox 113 2983 263 3039; x_wconf 88' lang='lat' dir='ltr'><strong>verborum</strong></span> <span class='ocrx_word' id='word_1_191' title='bbox 277 2982 313 3041; x_wconf 88' lang='lat' dir='ltr'><strong>sit</strong></span> <span class='ocrx_word' id='word_1_192' title='bbox 327 2991 375 3040; x_wconf 90' lang='lat' dir='ltr'><strong>aut</strong></span> <span class='ocrx_word' id='word_1_193' title='bbox 388 2981 500 3039; x_wconf 86' lang='lat' dir='ltr'><strong>brevior</strong></span> <span class='ocrx_word' id='word_1_194' title='bbox 514 2999 600 3056; x_wconf 87' lang='lat' dir='ltr'><strong>quam</strong></span> <span class='ocrx_word' id='word_1_195' title='bbox 618 2998 701 3037; x_wconf 88' lang='lat' dir='ltr'><strong>aures</strong></span> <span class='ocrx_word' id='word_1_196' title='bbox 720 2982 895 3056; x_wconf 79' lang='lat' dir='ltr'><strong>exspectent,</strong></span> 
     </span>
    </p>
   </div>
   <div class='ocr_carea' id='block_1_5' title="bbox 115 3076 827 3233">
    <p class='ocr_par' dir='ltr' id='par_1_7' title="bbox 115 3076 827 3233">
     <span class='ocr_line' id='line_1_29' title="bbox 115 3076 827 3169; baseline -0.004 -31"><span class='ocrx_word' id='word_1_197' title='bbox 115 3088 163 3169; x_wconf 73' lang='lat' dir='ltr'><strong>qut</strong></span> <span class='ocrx_word' id='word_1_198' title='bbox 175 3078 288 3157; x_wconf 76' lang='lat' dir='ltr'><strong>longior</strong></span> <span class='ocrx_word' id='word_1_199' title='bbox 302 3097 387 3155; x_wconf 85' lang='lat' dir='ltr'><strong>quam</strong></span> <span class='ocrx_word' id='word_1_200' title='bbox 402 3078 475 3137; x_wconf 88' lang='lat' dir='ltr'><strong>vires</strong></span> <span class='ocrx_word' id='word_1_201' title='bbox 490 3087 574 3154; x_wconf 89' lang='lat' dir='ltr'><strong>atque</strong></span> <span class='ocrx_word' id='word_1_202' title='bbox 588 3076 684 3136; x_wconf 87' lang='lat' dir='ltr'><strong>anima</strong></span> <span class='ocrx_word' id='word_1_203' title='bbox 695 3076 827 3154; x_wconf 86' lang='lat' dir='ltr'><strong>patiatur.</strong></span> 
     </span>
     <span class='ocr_line' id='line_1_30' title="bbox 350 3174 413 3233; baseline 0.032 -2"><span class='ocrx_word' id='word_1_204' title='bbox 350 3175 386 3233; x_wconf 84' lang='grc'><strong>14</strong></span> <span class='ocrx_word' id='word_1_205' title='bbox 396 3174 413 3209; x_wconf 76' lang='lat'><strong>¹⁸</strong></span> 
     </span>
    </p>
   </div>
   <div class='ocr_carea' id='block_1_6' title="bbox 0 0 1097 3575">
    <p class='ocr_par' dir='ltr' id='par_1_8' title="bbox 0 0 1097 3575">
     <span class='ocr_line' id='line_1_31' title="bbox 0 0 1097 3575; baseline 0 0"><span class='ocrx_word' id='word_1_206' title='bbox 0 0 1097 3575; x_wconf 95' lang='lat' dir='ltr'><strong> </strong></span> 
     </span>
    </p>
   </div>
  </div>
 </body>
</html>
