2184 3575
131 335 226 398 ‚urus
411 334 459 394 nn
482 331 646 380 unisona.
910 320 965 380 131

129 484 298 562 giguendi,
318 495 366 564 aut
392 483 520 542 sedanda
553 481 733 552 tollendive,
750 488 917 538 tractantur.

132 580 215 639 Huic
234 583 333 659 generi
353 581 488 657 subjecte
509 590 577 637 sunt
589 577 811 649 cohortationes,
825 576 919 652 objur·
988 570 995 585 ’

132 676 272 754 guticnes,
294 678 516 747 consolationes,
540 675 748 746 miserationes,
769 673 919 747 omniaque

134 774 170 832 ad
191 793 305 832 ornnern
326 773 413 830 enimi
434 782 543 830 motum
563 779 594 829 et
612 770 763 846 impulsio,
777 779 806 827 et
821 769 859 847 (si
879 770 920 827 ita

132 888 179 930 res
193 870 276 948 leret)
292 870 442 947 mitigatio.
933 871 951 919 5

130 1029 132 1034 ,
169 965 331 1043 Explicatis
350 965 437 1042 igitur
456 965 502 1023 his
522 965 678 1042 generibus
696 983 731 1022 ac
748 963 845 1022 modis
864 962 920 1022 dis·

128 1063 328 1138 ,ceptatiouum
342 1061 478 1133 omnium,
493 1061 565 1118 nihil
579 1080 649 1121 sane
663 1061 772 1118 adrem
785 1059 918 1136 pertinet,

132 1159 158 1236 si
181 1159 237 1235 qul
261 1159 346 1235 iure
369 1157 541 1233 discrepavit
569 1158 605 1214 ab
631 1157 752 1215 Antonii
779 1156 919 1214 divisione

133 1265 231 1313 nostra
256 1255 387 1331 partitio;
419 1255 519 1311 eadem
546 1253 624 1310 enim
651 1263 718 1310 sunt
740 1254 868 1311 membra
889 1252 919 1310 in

133 1350 281 1426 utriusque
301 1349 552 1426 disputationibus,
570 1348 620 1406 sed
640 1348 727 1424 paulu
746 1367 830 1405 secus
844 1367 861 1405 a
873 1367 920 1405 ure
935 1353 967 1402 10

130 1458 220 1522 atque
246 1447 283 1504 ab
307 1446 358 1504 illo
383 1446 488 1522 partite
514 1464 549 1502 ac
562 1444 731 1509 ‚distribute
772 1444 862 1502 Nunc
884 1445 920 1501 ad

132 1543 242 1618 reliqua
255 1542 431 1620 progrediar,
446 1559 550 1616 meque
564 1541 599 1598 ad
613 1559 708 1597 meum
728 1559 833 1598 munus
851 1558 920 1616 pen·

130 1657 252 1716 sumque
278 1638 428 1698 revocabo.
482 1637 570 1708 Nam,
598 1655 634 1693 ex
660 1635 716 1694 illis
742 1636 816 1713 locis
847 1654 919 1712 quos

133 1735 261 1813 exposuit
275 1734 429 1813 Antonius,
444 1734 540 1793 omnia
554 1743 630 1806 sunt,
645 1733 681 1791 ud
695 1752 815 1809 queque
834 1748 920 1811 gene·

128 1852 166 1892 ra
184 1833 382 1909 questionum,
404 1841 572 1910 argumenta
598 1830 753 1890 sumenda:
781 1830 831 1887 sed
856 1829 920 1887 aliis
935 1838 966 1887 15

129 1928 286 2007 ¹generibus
306 1928 354 1985 ulii
374 1928 431 1987 loci
458 1927 551 2004 magis
576 1935 662 1984 erunt
688 1926 762 2002 npti;
791 1926 828 1983 de
851 1945 918 2001 quo,

130 2044 190 2083 uon
205 2036 262 2083 tam
275 2025 342 2100 quia
354 2025 472 2099 longum
485 2033 538 2095 est,
550 2041 635 2098 quam
646 2022 714 2097 quia
726 2022 918 2098 perspicuum,

130 2120 276 2193 ,diuinihil
291 2131 333 2177 est
346 2137 474 2177 necesse.

129 2263 132 2268 .
169 2215 370 2273 ornatissime
403 2224 471 2271 sunt
496 2214 584 2291 igitur
610 2214 754 2273 orationes
780 2232 832 2285 ee,
855 2232 918 2289 qua

133 2311 271 2371 letissime
296 2321 445 2387 vagentur,
472 2322 510 2380 et,
539 2328 556 2366 a
581 2310 692 2385 privati
720 2328 755 2367 ac
781 2309 919 2387 singulari
933 2322 966 2373 no

132 2407 338 2478 controversis,
359 2424 390 2463 so
411 2405 446 2463 ad
466 2406 592 2465 universi
604 2406 733 2483 ‚generis
752 2406 808 2469 viru
832 2406 920 2482 expli·

134 2504 256 2563 candarn
284 2504 436 2564 conferunt
456 2512 484 2559 et
505 2511 686 2575 convertunt,
710 2511 743 2560 ut
762 2502 782 2561 ii
802 2503 850 2578 qui
871 2522 919 2561 au·

131 2599 223 2671 diunt,
244 2598 355 2671 nature,
370 2607 399 2657 et
418 2616 534 2675 genere,
549 2607 579 2654 et
592 2597 725 2656 universi
744 2598 917 2675 recogniti,

130 2696 170 2765 ,dc
183 2695 304 2772 singulis
317 2694 383 2766 reis,
398 2705 427 2752 et
440 2693 619 2764 criminibus,
633 2705 662 2751 et
674 2694 774 2752 litibus
793 2704 918 2753 statuere

129 2791 249 2867 ‚possint
291 2790 377 2853 Hunc
398 2790 433 2847 ad
454 2790 692 2848 consuetudinem
705 2789 919 2850 exercitationis
933 2804 966 2854 25

134 2904 195 2958 vos,
216 2886 421 2958 adolescentes,
442 2896 485 2944 est
502 2886 679 2945 ¹cohortatus
701 2886 858 2958 Antonius,
879 2897 919 2945 at·

133 2998 201 3059 que,
216 3000 233 3041 a
247 2982 365 3041 minutis
385 2982 569 3059 angustisque
589 2983 861 3055 concertctionibus,
882 2983 919 3041 ad
1023 2976 1026 2984 ’

131 3078 557 3158 ¹crtruernvimrurietctemquc
575 3078 805 3163 vosldisscrendi
823 3078 919 3141 uadu-
1017 3125 1022 3136 ,
1087 3097 1088 3124 ³
