2184 3575
141 331 233 390 utut]
420 329 466 386 m:
486 328 652 374 ontroeu
920 314 976 375 tut
1010 320 1014 333 ·

138 478 356 555 quemleniter!
378 495 463 553 quum
474 477 609 538 remisse!
628 493 714 551 quem
723 492 784 534 uon
795 473 932 533 aetuoso!

137 574 320 638 instatenim

259 728 275 754 ‘¹
284 723 307 772 Ο
317 726 400 787 peter!
418 738 433 770 o
444 697 536 786 petrin!
554 738 569 770 o
580 719 672 770 Priami
683 721 772 769 domur
780 724 786 768 !
795 720 811 740 ¹⁹

142 863 172 924 in
199 883 255 941 qno
281 874 361 922 tenta
387 862 563 920 commoveri
588 863 666 920 ectio
692 880 752 920 non
775 871 882 937 posset,
905 860 930 919 oi

136 971 216 1018 esset
248 969 400 1018 consumta
433 959 580 1034 superiore
612 969 691 1016 motu
723 968 754 1016 et
784 959 961 1017 exhuuote5

140 1056 245 1132 Neque
273 1057 301 1114 id
330 1065 441 1126 totores
473 1055 554 1131 prius
587 1055 729 1126 viderunt,
757 1073 842 1130 quum
876 1054 930 1130 ipsi

140 1156 244 1228 poete,
271 1171 357 1228 quam
383 1151 507 1226 denique
534 1151 574 1226 illi
603 1151 700 1222 etiarn,
724 1151 774 1225 qui
801 1151 931 1208 seoerunt

141 1249 252 1319 modos,
282 1268 298 1306 a
324 1249 427 1323 quibus
454 1247 582 1322 utrisque
610 1247 786 1306 submittitur
813 1247 930 1323 aliquid,

137 1345 246 1402 deinde
275 1356 405 1422 augetur,
432 1354 613 1414 extenuatur,
643 1343 769 1415 inflatur,
795 1344 930 1417 varietur,

140 1440 334 1518 distinguitur.
946 1448 977 1496 to

136 1603 138 1612 y
180 1536 226 1595 Ita
249 1537 285 1594 sit
307 1537 390 1594 nobis
412 1536 498 1614 igitur
520 1547 638 1594 ornatus
659 1546 688 1593 et
709 1535 805 1594 suavis
825 1546 930 1610 orator,

139 1633 212 1710 (neu
238 1643 334 1692 temen
360 1644 453 1709 potest
484 1633 565 1692 aliter
598 1636 675 1711 esse)
704 1643 736 1690 ut
762 1633 930 1700 suavitatem

140 1731 245 1790 habeut
266 1740 407 1789 uurteram
427 1739 456 1788 et
476 1728 608 1802 solidum,
629 1749 689 1786 non
709 1728 823 1788 dulcem
846 1740 931 1806 utque

139 1828 308 1887 decoctam:
331 1846 397 1885 uum
411 1826 472 1902 ipsa
487 1815 526 1883 ad
535 1827 696 1887 ornandum
710 1836 854 1902 praeeepte
867 1846 931 1901 que

140 1925 255 1995 dantur,
270 1922 411 1999 ejusmodi
432 1933 508 1994 eunt,
523 1933 556 1979 ut
573 1942 619 1993 ea,
636 1924 765 1997 quamvis
785 1919 978 1981 vitiosior-15

141 2040 205 2081 mus
228 2030 334 2091 orator,
359 2020 502 2095 explicere
526 2019 624 2093 possit.
674 2019 787 2089 Quare,
809 2029 841 2076 ut
866 2029 931 2077 ante

142 2116 210 2187 dixi,
224 2115 349 2191 primurn
369 2114 440 2171 silva
460 2132 555 2172 rerurn
573 2133 607 2171 ao
627 2116 834 2172 sententiarum
854 2133 932 2171 eom-

141 2210 269 2288 peruudu
288 2220 341 2281 est,
359 2211 417 2285 quii
438 2210 473 2267 de
492 2209 665 2285 partesdinit
685 2211 848 2267 Antonius:
869 2210 932 2268 heo

142 2307 293 2366 formanda
305 2306 353 2363 fito
368 2306 430 2381 ipro
443 2315 472 2363 et
485 2324 592 2381 genere
609 2306 757 2378 orationis,
772 2306 933 2367 illuminan-
964 2350 968 2357 -

141 2404 179 2463 da
193 2402 296 2474 verbis,
312 2402 447 2459 veriendn
460 2401 619 2459 sententiis.
946 2408 978 2459 2⁰

181 2500 301 2557 Summe
314 2508 410 2555 autern
423 2498 486 2554 laur
500 2497 672 2571 eloquentie
690 2506 744 2570 est,
758 2498 932 2574 amplificare

141 2614 202 2657 rem
221 2594 361 2667 ornando,
380 2594 457 2670 quod
475 2594 560 2665 velet,
579 2611 637 2650 non
658 2594 750 2652 solum
773 2595 807 2656 ud
828 2614 933 2671 augen-

142 2695 210 2763 dum
235 2692 342 2767 aliquid
366 2701 395 2748 et
418 2690 576 2749 tollendum
604 2691 698 2762 ultius,
722 2690 857 2765 dicendo,
880 2692 932 2750 uod

140 2790 229 2848 etiem
242 2789 280 2847 ud
294 2788 508 2851 extenuandum
523 2798 606 2870 etque
621 2787 824 2864 abjiciendum.

135 3052 136 3055 Ἴ
182 2980 310 3044 XXVII.
341 2980 375 3039 Id
391 2980 576 3041 desideretur
595 2980 730 3039 omnibus
749 2980 786 3039 iio
799 2980 831 3040 in
847 2981 930 3053 loeis,
944 2990 977 3042 te

133 3092 214 3159 nuos
228 3076 264 3139 ed
277 3076 362 3167 fidem
375 3076 513 3137 orationis
532 3076 695 3171 feoiendum
710 3076 846 3153 „adhiberi
860 3076 932 3150 dixit

380 3176 415 3236 ll
428 3174 445 3211 *
