2184 3575
135 314 191 373 106
452 325 495 376 nn
516 327 679 378 onaronn.
869 327 963 392 [nm.

179 477 256 534 tibus
275 487 351 538 totos
371 497 401 537 se
423 480 458 537 ad
478 458 672 557 cognitibuem
693 498 787 540 rerum
814 481 964 539 transtule-

179 583 261 631 runt:
284 593 346 649 quae
366 577 432 647 vita,
446 587 561 651 propter
581 577 824 652 tranquillitatem,
839 587 868 634 et
881 597 964 654 prop·

178 678 221 727 ter
248 671 337 746 ipsius
371 672 499 728 scientias
533 673 711 743 suavitatem,
738 674 795 749 quic
821 673 892 730 nibil
919 684 963 731 est
1063 722 1066 727 .

178 765 342 824 bominibus
370 768 535 843 jucundius,
564 769 667 843 plures,
694 788 778 844 quam
806 769 877 826 utile
908 769 963 827 fuit

146 863 263 918 brebus
282 863 415 937 publicis,
437 863 597 922 delectavit.
637 864 748 938 Itaque,
769 848 803 920 ut
819 865 848 921 ei
868 865 962 923 studio

177 976 208 1013 se
222 958 467 1015 excellentissimis
488 959 611 1034 ingeniis
631 960 761 1016 homines
780 959 960 1032 dediderunt,

177 1070 211 1108 er
226 1052 261 1108 eat
275 1053 386 1110 summi
404 1054 538 1111 facultate
553 1055 636 1113 vacui
657 1074 692 1112 ac
711 1056 794 1112 liberi
814 1056 959 1130 temporis,

175 1149 266 1206 multo
278 1149 369 1224 plura,
384 1169 468 1224 quam
483 1161 544 1208 erat
558 1170 686 1223 necesse,
701 1151 857 1209 doctissimi
872 1151 961 1209 homi·

175 1264 237 1316 nes,
251 1247 310 1304 otio
329 1246 418 1302 nimio
438 1256 476 1303 et*
488 1247 612 1323 ingeniis
631 1248 783 1304 uberrimis
804 1248 960 1319 affluentes,

130 1347 160 1397 10
176 1342 304 1399 curanda
320 1341 375 1399 sibi
395 1361 468 1413 esse,
484 1362 518 1400 ac
531 1335 685 1418 ipuaerenda
703 1354 733 1400 et
753 1343 960 1419 investiganda,

175 1439 338 1496 duxeruut.=
381 1437 459 1496 Nam
488 1449 567 1497 vetus
600 1440 714 1514 quidem
748 1439 797 1497 illa
829 1439 961 1497 doctriua

174 1535 275 1592 eadem
296 1535 408 1592 videtur
429 1546 458 1593 et
478 1548 557 1593 recte
577 1534 701 1593 faciendi
714 1546 744 1592 et
756 1536 830 1593 bene
844 1533 960 1592 dicendi

174 1631 325 1707 magistra3
354 1649 447 1706 neque
473 1629 609 1706 disjuncti
636 1630 778 1703 doctores,
799 1630 851 1688 sed
871 1631 959 1687 iidem

174 1733 255 1781 erant
269 1723 383 1781 vivendi
402 1735 592 1800 preceptores
613 1734 696 1799 atque
712 1724 828 1781 dicendi
837 1745 844 1795 ;
866 1723 960 1782 utillo

128 1829 159 1877 15
175 1819 249 1897 apud
271 1820 431 1877 Homerum
451 1820 581 1892 Phoenix,
603 1820 651 1894 qui
671 1839 711 1893 se,
727 1840 743 1878 a
761 1821 849 1878 Peleo
867 1830 959 1897 patre,

174 1915 284 1974 Achilli
315 1916 413 1993 juveni
447 1916 581 1974 comitem
610 1934 673 1974 esse
700 1916 797 1973 datum
824 1917 896 1975 dicit
923 1917 960 1974 ad

175 2012 290 2084 bellum,
311 2022 342 2070 ut
363 2012 442 2069 illum
463 2012 589 2069 efficeret
603 2019 774 2070 “oratorem
797 2014 959 2085 verborum,

174 2119 357 2185 actoremque
377 2110 500 2166 rerum.’'
555 2109 613 2168 Sed
643 2118 674 2166 ut
697 2108 837 2180 homines,
861 2108 959 2167 labore

174 2206 289 2265 assiduo
312 2215 341 2263 ct
363 2205 530 2280 quotidiano
559 2204 673 2276 assueti,
694 2222 761 2261 cum
782 2204 959 2279 tempestatis

125 2308 158 2361 2⁰
174 2303 262 2361 causa
289 2321 375 2378 opere
401 2302 596 2377 prohibentur,
619 2301 653 2359 ad
677 2301 763 2376 pilam
788 2319 828 2370 se,
852 2310 900 2357 aut
922 2300 959 2357 ad

173 2400 254 2470 talos,
270 2409 318 2457 aut
332 2400 367 2456 ad
381 2408 502 2455 tesseras
516 2398 677 2466 conferunt,
693 2396 839 2453 autetiam
854 2415 959 2453 novum

173 2495 228 2553 sibi
249 2495 303 2571 ipsi
325 2495 447 2570 aliquem
469 2493 635 2569 excogitant
655 2492 684 2548 in
705 2491 765 2547 otio
778 2490 893 2561 ludum;
915 2493 960 2550 sio

173 2590 225 2662 illi,
241 2609 257 2648 a
273 2590 397 2667 negotiis
416 2589 540 2664 publicis
562 2586 710 2663 (tanquam
732 2586 767 2643 ab
787 2589 886 2665 opera)
910 2597 960 2645 aut

171 2686 348 2761 temporibus
380 2685 499 2757 exclusi,
529 2693 577 2740 aut
603 2682 747 2740 voluntate
774 2681 826 2738 sub
853 2681 958 2755 feriati,

124 2794 157 2845 25
172 2789 247 2838 totos
261 2800 291 2838 te
307 2781 354 2840 alii
376 2782 411 2838 ad
431 2784 541 2856 poetas,
558 2778 606 2836 alii
622 2777 657 2835 ad
673 2787 842 2854 geometres,
858 2776 906 2834 alii
921 2778 958 2835 ad

171 2876 298 2934 musicos
324 2876 523 2943 contulerunt3
553 2872 600 2930 alii
624 2872 721 2942 etiam,
743 2880 775 2927 ut
800 2871 958 2946 dialectici,

171 2989 277 3031 novum
297 2972 351 3029 sibi
373 2971 426 3048 ipsi
447 2970 572 3028 studium
596 2969 750 3043 ludumque
776 2978 957 3042 pepererunt,

172 3077 256 3146 atque
270 3068 300 3125 iu
321 3067 356 3125 iis
377 3067 494 3139 artibus,
509 3086 571 3145 qun
585 3074 705 3146 repertas
721 3072 797 3138 sunt,
810 3073 842 3122 ut
854 3080 958 3143 pucro-

1077 302 1089 373 i
