2184 3575
130 351 223 412 nur]
411 351 456 400 nn
478 351 642 398 omronr.
906 330 964 402 169

130 500 286 573 admonuit,
300 509 333 562 ut
352 499 465 568 breuior
481 519 585 570 essem,
600 498 658 574 qui,
673 497 733 573 ipss
744 496 802 573 jorn
815 493 915 572 prom·

82 622 84 628 ·
130 584 234 673 pitens,
245 615 290 654 me
304 614 415 672 quoque
429 596 491 654 haeo
501 595 676 672 praeoipitem
689 612 770 670 pene
784 592 916 652 evolvero

131 692 242 770 coegit,
278 693 336 750 Sed
357 702 452 749 tamen
472 692 556 768 hujus
576 690 690 768 generis
709 689 914 747 demonstratio

130 797 182 857 est,
194 797 222 844 et
232 787 364 845 doctrine
374 787 446 863 ipss,
457 787 599 863 vulgaris:
620 805 689 844 usus
703 794 798 847 sutem
809 783 914 860 grauis-

129 883 227 955 simus,
250 897 278 941 et
293 884 322 942 in
337 883 393 940 hoo
406 893 467 940 toto
480 882 597 942 dicendi
611 882 706 940 studio
720 880 913 939 diffieilfimus
930 886 947 935 5
965 881 973 916 ¹·

165 980 375 1050 Quamobrem,
384 979 518 1054 quonium
531 979 568 1036 de
576 988 679 1038 ornutu
686 977 766 1036 omni
778 975 915 1037 orationis

128 1084 195 1131 sunt
214 1093 325 1146 omnes,
339 1075 364 1131 ri
384 1093 441 1132 nou
461 1074 607 1150 patefacti,
622 1083 651 1132 et
670 1084 749 1132 serto
768 1089 915 1130 sommon-

128 1170 209 1227 strsti
229 1171 302 1241 looi;
324 1189 413 1240 nuno,
427 1170 496 1244 quid
517 1181 612 1248 aptum
632 1169 679 1240 sit,
700 1169 757 1227 hoo
776 1178 829 1240 est,
843 1166 914 1242 quid

127 1265 251 1322 maxime
262 1267 363 1324 deoeut
375 1265 405 1322 in
415 1265 555 1336 oratione,
565 1265 729 1322 videamus:
750 1282 914 1339 quenquam

128 1359 158 1418 id
172 1361 286 1436 quidem
300 1361 483 1438 perspicuum
495 1370 550 1432 est,
565 1379 624 1418 non
642 1360 722 1418 omni
740 1379 844 1430 nauso,
858 1377 915 1416 ooo
929 1366 961 1415 1⁰

127 1457 261 1530 euditori,
288 1477 382 1532 neque
407 1476 548 1534 persone,
568 1475 662 1531 neque
688 1455 820 1530 tempori,
845 1473 915 1514 oou·

127 1553 230 1630 gruere
257 1554 394 1613 orationis
415 1573 504 1612 unum
531 1572 632 1630 genus
672 1551 750 1610 Nam
770 1562 799 1610 et
819 1569 914 1610 sauses

127 1649 229 1724 cupitis
250 1649 336 1708 ulium
358 1650 501 1725 quendem
524 1650 677 1709 verborum
698 1665 801 1706 souutn
821 1646 914 1722 requi·

125 1755 202 1816 runt,
215 1746 300 1804 alium
312 1763 406 1804 rerum
420 1747 594 1823 privaturum
606 1755 691 1821 atque
701 1761 868 1822 porrorum:
883 1753 915 1810 et

126 1842 202 1900 uliud
214 1843 330 1901 dicendi
341 1862 432 1921 genus
442 1843 673 1915 deliberationes,
683 1842 760 1903 uliud
774 1841 914 1903 laudatio·
928 1848 959 1898 15

125 1958 185 2011 nes,
196 1940 272 1997 aliud
279 1940 400 2018 judicio,
410 1940 486 2001 uliud
496 1939 734 2011 sormones,uliud
743 1938 912 2009 consolatio,

126 2034 209 2091 uliud·
223 2035 396 2111 objurgatio,
414 2034 491 2092 uliud
512 2034 678 2110 disputatio,
698 2034 774 2092 aliud
793 2033 914 2091 historio

125 2130 276 2187 desideret.
317 2130 422 2187 Refert
448 2130 545 2200 etiam,
566 2129 615 2204 qui
637 2129 764 2199 uudiout,
784 2139 912 2200 senatus,

126 2242 162 2282 nn
182 2224 312 2299 populus,
328 2244 365 2285 an
382 2224 505 2300 judiees,
520 2224 693 2301 frequentes,
708 2243 744 2284 un
763 2223 860 2299 psuoi,
875 2242 913 2282 mr

125 2320 248 2397 singuli:
270 2330 308 2392 et,
323 2320 422 2395 qurfes
438 2321 492 2397 ipsi
506 2336 619 2396 quoque
633 2330 770 2391 oratores,
784 2320 841 2395 qui
855 2319 912 2379 sint
925 2316 958 2366 2⁰

125 2427 218 2490 aetate,
240 2417 357 2490 honore,
373 2416 555 2488 auotoritate,
568 2417 654 2478 debet
670 2416 779 2474 videri:
799 2425 913 2491 tempus

123 2514 205 2591 proin
219 2534 254 2572 uu
273 2514 350 2587 belli,
366 2514 556 2573 festinationis
576 2533 613 2571 un
632 2514 694 2574 otii.
733 2512 837 2588 Itoque
854 2512 913 2571 hoo

79 2686 81 2690 ,
124 2612 190 2669 looo
204 2611 275 2669 nihil
290 2629 359 2669 sune
373 2622 426 2683 ert,
441 2610 518 2687 quod
537 2609 657 2687 prooipi
673 2629 759 2687 porse
770 2609 911 2681 rideatur,

124 2708 180 2767 nisi
202 2719 233 2766 ut
250 2708 373 2785 figuram
392 2708 531 2769 orationis
550 2707 696 2784 plenioris,
710 2717 740 2768 et
759 2705 909 2777 tenuioris,

125 2814 153 2861 et
167 2804 236 2863 item
250 2805 327 2863 illius
341 2804 506 2877 mediocris,
522 2805 556 2863 ud
578 2803 619 2874 id,
634 2802 710 2878 quod
729 2802 849 2881 murus,
864 2821 912 2864 osv
924 2814 956 2865 25

124 2902 335 2961 commodatum
345 2901 513 2979 deligemus.
553 2899 739 2963 Ornamentis
752 2899 853 2962 iisdem
867 2899 910 2961 nti

124 2996 184 3056 fore
203 2997 312 3070 licebit,
334 2998 406 3057 ulier
431 2996 697 3069 commouentius
723 2995 907 3061 submissius:

123 3093 260 3170 omnique
279 3094 310 3152 in
330 3114 362 3154 rs
380 3112 477 3174 porse,
494 3095 571 3173 quod
589 3094 702 3159 mot.
715 3092 821 3165 smero.
841 3089 911 3155 uti·

201 3208 266 3250 von.
281 3210 313 3249 rr.
436 3194 474 3251 15
