2184 3575
131 328 215 389 nm]
415 328 459 375 nn
480 324 644 374 onironn
925 314 967 373 53

131 479 185 537 sed
205 489 301 536 tamen
325 476 415 536 multo
440 488 484 536 est
510 478 623 553 turpius
648 473 765 547 oratorI,
784 471 919 531 nocuisse

133 575 224 632 videri
238 593 341 646 ceusae,
355 593 440 648 quam
455 592 513 631 non
526 572 677 650 profuisse.

174 765 314 823 LXXIII.
346 766 404 823 Sed
429 766 497 840 quid
521 765 579 823 hoc
601 764 668 822 loco
690 782 741 821 vos
764 762 838 820 inter
858 780 918 834 vos,

133 860 255 919 Catule?
277 882 313 921 un
334 862 406 933 haec,
420 872 452 919 ut
466 872 532 918 sunt
552 860 773 931 contemnenda,
793 869 919 917 contem·

130 956 219 1015 nitisi
259 958 392 1028 Minime,
415 958 506 1033 inquit
526 957 591 1014 iile:
619 955 669 1013 sed
689 957 787 1014 Cesar
807 956 843 1013 de
862 955 948 1012 isto5

130 1051 194 1127 ipso
215 1054 349 1128 quiddam
371 1054 442 1111 velle
463 1053 562 1111 dicere
581 1053 738 1110 videbatur.
779 1050 830 1109 Me
850 1067 918 1108 vero

128 1148 258 1220 lubente,
273 1150 366 1224 inquit
385 1149 541 1221 Antonius,
563 1149 676 1220 dixerit,
689 1148 749 1205 sive
768 1147 917 1205 refellendi

131 1244 230 1315 causi,
245 1245 304 1301 sire
318 1246 473 1320 quaerendi.

172 1339 251 1397 Tum
271 1339 376 1411 Julius,
398 1340 472 1417 Ego,
490 1340 665 1411 mehercule,
679 1339 781 1414 inquit,
795 1339 916 1411 Antoni,

132 1452 244 1511 semper
265 1434 289 1491 is
309 1435 360 1505 fui,
374 1436 423 1510 qui
437 1435 472 1492 de
486 1446 515 1491 te
528 1445 641 1492 oratore
659 1436 702 1493 sIc
722 1435 916 1511 proedIcnrem,
932 1445 962 1493 10

19 1579 23 1586 .
132 1550 222 1589 unum
248 1542 278 1589 te
302 1532 332 1589 in
359 1532 484 1590 dicendo
510 1532 582 1589 mihi
602 1532 690 1589 videri
718 1531 915 1603 tectissImum,

130 1626 334 1703 propriumque
360 1628 416 1686 hoc
443 1646 506 1686 esse
532 1627 626 1694 laudis
651 1636 718 1699 tuae,
745 1626 816 1684 nihil
844 1646 862 1684 a
887 1638 916 1685 te

131 1740 256 1799 unquam
277 1739 339 1783 esse
360 1724 478 1797 dictum,
500 1723 575 1800 quod
599 1724 713 1781 obesset
732 1723 770 1796 ei,
790 1742 841 1800 pro
860 1739 916 1802 quo

131 1820 250 1879 diceres.
291 1820 381 1897 quue
395 1821 533 1879 memorii
547 1831 642 1892 teneo,
656 1839 722 1878 cum
737 1822 807 1878 mihi
820 1838 915 1879 sermo

131 1934 196 1974 cum
217 1917 273 1974 hoc
293 1917 355 1993 ipso
376 1917 490 1989 Crasso,
511 1917 608 1975 multis
628 1917 820 1988 audientibus,
840 1927 916 1979 esset
930 1929 962 1978 15

9 2053 10 2056 ι
130 2013 166 2070 de
185 2023 215 2071 tc
235 2012 390 2083 institutus,
405 2013 583 2087 Crassusque
603 2012 733 2088 piurimis
746 2013 839 2070 verbis
858 2013 916 2070 clo·

130 2107 276 2184 quentism
290 2107 419 2166 laudaret
432 2118 520 2178 tuum,
534 2107 640 2164 dixisse
653 2127 709 2179 me,
724 2127 792 2166 cum
812 2108 916 2165 ceteris
974 2113 980 2124 ¹

130 2201 188 2260 tuis
207 2199 340 2257 leudibus
361 2200 436 2258 hunc
456 2219 519 2258 erse
532 2201 576 2258 vel
590 2202 753 2273 maximam,
766 2201 843 2277 quod
857 2221 915 2260 non

132 2295 234 2367 solum,
248 2294 324 2372 quod
339 2313 411 2370 opus
426 2305 512 2365 esset,
527 2295 649 2368 diceres,
662 2296 712 2353 sed
728 2297 825 2368 etium,
839 2297 915 2373 quod

130 2409 190 2450 non
210 2409 283 2466 opus
304 2400 388 2461 esset,
409 2408 468 2447 nou
495 2390 623 2448 diceres:
650 2403 711 2449 tum
738 2391 819 2450 ilium
845 2393 914 2452 mihi
928 2396 961 2447 20

131 2486 304 2563 respondere
324 2486 459 2545 memini:
488 2497 586 2545 cetera
611 2486 641 2544 in
668 2497 697 2544 te
723 2507 832 2548 summe
852 2508 915 2548 esse

130 2581 289 2653 laudande3
321 2581 390 2640 illud
415 2600 483 2642 vero
506 2583 629 2658 improbi
652 2601 716 2641 esse
739 2583 863 2643 hominis
885 2596 915 2644 et

130 2677 286 2756 perfidiosi,
300 2677 397 2736 dicere
416 2679 492 2755 quod
514 2678 638 2738 alienum
657 2692 741 2751 esset,
755 2690 785 2738 et
798 2692 916 2739 noceret

131 2774 168 2845 ei,
181 2791 234 2851 pro
247 2791 305 2849 quo
317 2773 436 2850 quisque
456 2775 582 2834 diceret:
604 2793 692 2852 quere
708 2793 766 2834 non
780 2776 835 2834 sibi
849 2795 915 2837 eum

132 2869 278 2941 dismtum,
292 2869 341 2945 qui
362 2869 391 2928 id
411 2889 467 2929 non
488 2870 606 2943 fuceret,
626 2871 727 2945 rideri,
741 2872 792 2930 sed
813 2872 960 2950 impro-25

114 2996 116 3001 ·
132 2965 210 3036 bum,
223 2965 272 3041 qui
285 2965 401 3023 feceret.
441 2965 541 3038 Nunc,
555 2967 581 3024 si
594 2967 647 3026 tibi
660 2966 781 3041 videtur,
793 2967 915 3041 Antoni,

132 3060 321 3131 demonstres¹
335 3061 432 3133 velim,
457 3080 545 3140 quere
571 3073 604 3123 tu
629 3063 686 3124 hoc
711 3063 753 3124 its
778 3079 916 3140 mugnum

366 3159 386 3216 5
394 3156 413 3193 θ
