2184 3575
124 328 204 389 nn]
401 326 445 380 ua
466 326 629 375 oasaona
910 310 950 370 ot

123 476 232 534 sistitur
259 476 419 551 aliquando,
447 496 481 536 ao
507 496 566 535 non
592 477 648 535 isat
680 474 817 535 brevitate
841 492 904 552 per·

124 573 255 631 curritur.
296 573 432 648 Apertam
454 573 530 631 enini
551 573 742 632 narrationem
761 582 821 630 tam
839 588 903 630 esse

125 678 245 743 oportet,
266 686 348 743 quani
375 680 486 727 oetera:
513 670 564 727 sed
590 669 647 727 hoo
672 669 765 745 magis
790 669 820 727 in
847 668 903 726 heo

125 764 325 823 elaborandum
339 775 391 837 est,
406 765 480 840 quod
493 776 523 822 et
536 765 680 824 difficilius
699 775 753 836 est,
766 763 824 823 'aon
839 783 903 822 esse

124 860 274 917 obscurum
290 860 364 918 inre
379 861 528 933 narrandi,
543 879 627 937 quani
646 872 693 919 aut
707 861 736 919 in
749 861 901 938 principio,
916 862 933 911 5

123 965 171 1011 aut
185 955 214 1013 in
229 966 404 1032 argumento,
420 967 468 1015 aut
487 957 517 1013 in
536 958 695 1034 purgando,
709 968 758 1015 aut
775 957 805 1015 in
822 976 903 1033 pero·

121 1051 226 1110 raudo:
254 1062 283 1108 et
302 1052 407 1129 majore
429 1052 560 1129 periculo
585 1053 648 1111 hiso
672 1072 737 1130 pars
762 1038 902 1111 orationis

120 1148 243 1206 obscura
262 1158 314 1219 est,
329 1166 412 1223 quarn
433 1159 544 1218 oetera3
565 1149 609 1205 sel
629 1149 705 1225 quia,
724 1150 749 1206 si
768 1168 826 1225 quo
845 1149 902 1207 atio

121 1243 151 1301 in
172 1243 238 1301 looo
257 1254 301 1301 est
326 1245 433 1302 dietum
459 1244 528 1319 quid
554 1245 713 1316 obscurius,
734 1255 844 1303 tantum
871 1245 901 1304 id

121 1339 205 1414 perit,
232 1340 307 1415 quod
334 1339 374 1397 ita
399 1339 507 1397 dietum
534 1350 593 1397 est:
627 1341 753 1397 narratio
778 1342 902 1400 obseura
916 1342 946 1391 1⁰

121 1445 210 1493 totam
230 1436 357 1492 obo'aeoat
377 1435 551 1505 orationem
572 1435 615 1493 vel
631 1435 705 1510 quod
725 1435 781 1493 alia
799 1437 901 1512 possis,
1002 1422 1005 1432 ¹

122 1531 209 1589 semel
241 1530 266 1587 ai
294 1525 444 1589 obscurius
476 1531 591 1603 dixeris,
618 1530 715 1589 dioere
748 1532 804 1589 alio
836 1532 901 1590 loeo

120 1626 250 1703 planius;
277 1626 447 1685 narrationis
472 1644 546 1685 unus
573 1637 617 1685 est
639 1627 670 1685 in
696 1628 784 1686 eausa
808 1629 898 1687 loeus.

121 1722 184 1781 Erit
205 1732 298 1781 autem
317 1723 468 1800 perspioua
486 1723 621 1797 narratio,
635 1723 660 1782 si
673 1724 767 1781 verbis
780 1724 899 1794 usitatis,

121 1820 145 1877 si
165 1820 264 1878 ordine
290 1825 448 1895 temporum
475 1830 652 1894 conservato,
678 1822 712 1879 si·
730 1841 790 1881 nou
816 1823 946 1880 inter-15

120 1927 202 1992 rupte
215 1917 383 1975 narrabitur.

159 2108 301 2167 LXXXI.
332 2109 401 2181 Sed,
418 2109 530 2184 quando
551 2110 687 2168 utendum
707 2109 753 2181 sit,
775 2118 900 2168 autnon

122 2205 169 2276 sit,
189 2203 361 2276 narratione,
382 2204 411 2261 id
431 2214 473 2263 est
493 2205 623 2263 consilii:
649 2223 743 2281 neque
768 2206 855 2277 enim,
875 2205 900 2262 si

122 2309 190 2358 nota
210 2317 256 2356 res
276 2309 328 2371 est,
348 2317 404 2356 neo
423 2299 447 2358 si
466 2319 525 2358 non
552 2301 680 2372 dubium,
700 2300 768 2376 quid
789 2310 901 2378 gestum

123 2396 169 2467 sit,
183 2395 291 2454 narrari
310 2405 430 2472 oportet,
446 2415 501 2453 neo
521 2396 545 2454 si
567 2397 743 2454 adversarius
760 2398 899 2469 narravit·;
914 2408 947 2458 ω

122 2492 178 2552 nisi
197 2491 222 2549 si
242 2492 412 2552 refellemus.
458 2492 514 2566 Ao,
535 2492 560 2550 si
579 2492 693 2568 quando
712 2493 766 2550 erit
785 2511 902 2552 narran-

102 2589 200 2660 'dum,
233 2605 289 2646 neo
321 2587 378 2660 illa,
396 2607 474 2662 ‘quea
507 2587 698 2663 suspicionem
730 2596 759 2646 et
791 2588 901 2648 orimeu

122 2683 256 2756 efficient,
284 2694 438 2760 contraque
470 2702 523 2742 nos
556 2693 648 2756 erunt,
676 2685 779 2743 aeriter
805 2703 901 2761 perse-

121 2797 250 2856 quamur,
276 2774 472 2855 et,'quidquid
497 2780 612 2856 poterit,
632 2779 814 2839 detrahamus
821 2801 829 2852 3
862 2801 901 2840 ne

123 2874 202 2946 illud,
216 2877 290 2952 quod
310 2875 439 2948 Crassus,
452 2875 478 2934 si
495 2877 610 2951 quaudo
629 2875 688 2947 fiat,
701 2876 829 2952 perfidia,
843 2895 900 2937 non
914 2891 948 2941 25

121 2971 252 3046 stultitia,
266 2972 327 3031 fieri
340 2980 429 3048 putat,
443 2981 475 3030 ut
489 2989 583 3032 eausa
595 2989 760 3047 nooeamus,
772 2974 899 3033 aooidat:

353 3067 399 3127 θα
