2184 3575
139 325 197 388 ma
458 337 502 386 on
523 337 687 386 carrona.
878 335 972 398 [una

185 485 316 560 tinctam,
337 496 477 559 ornatam,
499 487 639 560 festivam,
660 487 724 545 sine
750 485 972 557 intermissione,

182 583 248 641 sine
261 583 492 659 reprehensione,
506 584 569 641 sine
583 584 727 653 varietate,
742 582 870 659 quamvis
887 581 973 640 claris

184 679 225 738 rit
250 679 396 738 coloribus
421 679 500 756 picta
526 680 571 737 vel
597 680 695 756 poesis
719 679 764 736 vel
790 679 893 750 oratio,
913 696 973 737 non

185 793 270 851 posse
290 775 320 834 iu
340 776 532 834 delectatione
551 795 615 834 esse
634 775 778 834 diuturni.
819 775 916 850 Atque
935 791 972 832 eo

152 882 169 932 ὅ
186 871 272 930 citius
293 871 322 930 iu
342 872 462 930 cratoris
482 882 530 930 aut
544 873 574 930 in
587 877 681 949 poete
698 871 843 929 cincinnis
857 889 891 929 ac
905 870 973 928 fuco

185 967 351 1039 offenditur,
380 968 457 1043 quod
490 987 600 1040 sensus,
635 968 665 1026 in
696 967 787 1026 nimia
819 967 972 1042 voluptate,

185 1063 297 1135 naturi,
318 1083 376 1122 non
396 1075 493 1122 mente
519 1065 673 1136 satiantur3
702 1065 732 1122 in
759 1063 872 1140 scriptis
892 1062 973 1120 etin

186 1159 281 1232 dictis,
308 1179 367 1218 uon
401 1161 511 1219 aurium
541 1161 644 1233 solum,
672 1161 723 1218 sed
749 1160 838 1218 animi
861 1159 973 1237 judicio

185 1256 273 1314 etiam
287 1257 387 1334 magis,
402 1257 530 1316 infucata
543 1257 613 1315 vitia
625 1266 789 1315 noscuntur.

138 1459 170 1509 1⁰
225 1449 339 1509 XXVI.
368 1451 480 1524 Quare,
515 1451 663 1510 “BeneP'
697 1460 727 1509 ct
753 1450 971 1509 “Praeclara”

185 1547 314 1623 quamvis
350 1549 435 1606 nobis
472 1567 548 1623 sape
584 1548 713 1606 dicatur:
754 1547 905 1606 ‘'Bella''
943 1555 974 1604 at

186 1643 369 1702 “statim''
390 1642 510 1701 nimium
532 1663 608 1720 sepe
631 1645 714 1714 nolc;
741 1661 903 1720 quanquam
923 1642 974 1701 iila

186 1738 248 1816 ipsa
267 1739 448 1813 exclamatio,
463 1741 558 1799 “Non
572 1749 666 1817 potest
684 1741 809 1813 melius,'’
830 1741 868 1799 sit
887 1739 973 1798 velim

185 1836 302 1895 crebra:
323 1838 373 1895 sed
394 1838 499 1896 habeat
518 1848 615 1897 tamen
636 1839 685 1896 illa
698 1838 727 1895 in
742 1838 866 1896 dicendo
886 1837 974 1896 admi-

138 1943 170 1995 15
185 1932 258 1991 ratio
286 1952 320 1991 ac
347 1952 459 1992 summa
484 1935 548 1993 iaus
573 1936 703 1992 umbram
731 1935 855 2009 aliquam
877 1944 908 1992 et
931 1952 974 1992 re·

185 2047 308 2102 cessum,
330 2048 388 2105 quo
411 2030 504 2107 magis
527 2031 567 2103 id,
589 2031 664 2107 quod
690 2031 745 2089 erit
772 2030 972 2103 illuminatum,

184 2136 296 2184 exstare
317 2137 403 2202 atque
422 2128 550 2185 eminere
563 2127 701 2186 videatur.
741 2126 897 2203 Nunquam
914 2126 974 2205 agit

184 2221 264 2281 hunc
277 2240 390 2281 versum
404 2224 532 2282 Roscius
545 2243 582 2282 eo
595 2234 689 2303 gestu,
703 2242 761 2299 quo
772 2234 877 2301 potest,

217 2371 306 2420 “Nam
323 2371 422 2435 sapiens
437 2371 524 2420 virtuti
540 2371 660 2421 honorem
675 2372 814 2436 premium,
830 2371 896 2421 haud
911 2387 973 2436 prrs-

302 2452 368 2514 dam,
378 2452 476 2515 petit:”

137 2620 170 2672 ω
186 2606 235 2663 scd
252 2604 350 2683 abjicit
361 2623 488 2681 prorsus,
503 2616 535 2663 ut
548 2605 579 2663 iu
592 2606 747 2681 prosimos,

217 2754 338 2818 “Ecquid
349 2755 438 2804 video?
453 2754 518 2803 serto
528 2760 614 2817 septus
624 2754 733 2817 possidet
743 2754 813 2802 sedes
824 2768 905 2801 sacras
913 2755 919 2801 i
926 2750 942 2773 ’⁹

186 2907 304 2979 incidat,
333 2907 461 2985 aspiciat,
489 2906 653 2980 admiretur,
685 2916 837 2984 stupescat
889 2906 972 2971 Quid

186 3003 329 3077 menter,

408 3097 595 3163 “ouiupeem
606 3097 752 3164 precans·
