2184 3575
154 353 194 412 58
474 361 518 407 ne
540 358 703 406 onauonn.
903 357 943 417 [n.
952 357 989 405 11.

237 508 276 568 Ut
289 527 356 567 vero
370 518 536 579 statuamus,
551 526 595 579 ea,
609 527 672 583 quae
685 505 834 583 probandi,
849 502 986 577 doeendi,

198 604 389 681 persuadendi
402 604 489 661 causi
510 604 634 661 dicenda
653 612 728 674 sunt,
742 600 985 677 quemadmodum

199 719 419 777 componamus;
441 700 471 757 id
487 709 529 758 est
550 699 594 756 vel
615 698 737 755 maxime
756 697 902 773 proprium
921 714 985 754 ora-

197 797 269 854 toria
293 795 459 872 prudentie.
511 794 605 851 Multa
624 794 702 850 enim
722 802 879 850 occurrunt
900 808 985 868 argu-

169 900 185 948 5
199 901 310 949 menta:
332 890 429 961 multa,
445 908 506 963 qnae
521 888 690 946 indicendo
707 888 855 964 protutura
868 886 985 943 videan-

198 996 261 1043 tur:
289 986 339 1043 sed
359 1004 458 1043 eorum
483 973 588 1060 partim
608 984 648 1041 itu
666 983 740 1041 levia
766 996 842 1054 sunt,
862 993 895 1040 ut
914 1000 985 1040 oon·

197 1080 351 1139 temnenda
377 1081 450 1139 rint:
483 1080 597 1156 purtim,
624 1079 709 1135 etiam
733 1078 757 1135 si
780 1077 848 1153 quid
875 1077 983 1135 habent

199 1176 364 1254 adjumenti,
385 1186 452 1234 sunt
471 1194 677 1249 nonnunquam
697 1174 847 1251 ejusmodi,
862 1184 893 1231 ut
913 1173 983 1231 insit

198 1272 228 1329 in
249 1272 284 1329 iis
305 1272 411 1347 aliquid
431 1272 508 1342 vitii;
536 1289 630 1345 neque
654 1269 725 1327 tanti
747 1270 784 1326 rit
803 1268 884 1341 illud,
904 1269 981 1344 quod

154 1380 184 1430 10
196 1368 331 1444 prodesse
352 1367 490 1439 videatur,
511 1376 542 1425 ut
562 1386 629 1423 eum
650 1365 746 1439 aliquo
765 1365 841 1422 malo
862 1364 983 1441 conjun-

196 1474 287 1541 gatur.
327 1464 403 1526 Quae
425 1473 519 1521 autem
540 1472 607 1519 sunt
627 1461 708 1519 utilia
734 1470 818 1534 atque
844 1460 935 1531 firma,
957 1459 982 1517 ei

197 1578 232 1619 ea
254 1570 350 1617 tamen
375 1558 420 1634 (ut
442 1577 517 1633 saepe
540 1557 585 1637 fit)
611 1557 692 1613 valde
715 1556 806 1613 muita
828 1565 910 1625 sunt3
935 1573 981 1636 eu,

197 1675 259 1731 quae
280 1673 316 1711 ex
335 1654 371 1712 iis
392 1664 440 1711 aut
459 1653 602 1710 levissima
617 1662 693 1723 sunt,
709 1661 757 1709 aut
771 1651 833 1708 aliis
846 1650 983 1727 graviori·

197 1749 251 1808 bus
271 1748 441 1820 consimilia,
462 1747 575 1804 secerni
596 1746 715 1804 arbitror
736 1756 877 1822 oportere,
897 1755 983 1821 atque

153 1863 184 1913 15
197 1865 233 1904 ex
258 1844 386 1904 oratione
412 1843 561 1900 removeri.
611 1842 752 1917 Equidem
779 1861 846 1900 oum
873 1842 982 1918 colligo

198 1921 371 2018 argumente
396 1957 557 2011 oausarum,
584 1957 644 1996 nou
671 1948 731 1996 tum
763 1956 799 1996 ea
830 1955 983 1997 numerare

197 2039 286 2112 soleo,
300 2056 384 2114 quam
399 2037 568 2114 expendere.

234 2229 389 2289 LXXVII.
419 2229 458 2288 Et
471 2229 605 2304 quonium
624 2227 714 2305 (quod
734 2247 809 2303 aaepe
825 2228 884 2304 jam
905 2228 979 2308 diri)

196 2326 288 2384 tribus
313 2327 399 2383 rebus
431 2323 558 2405 [omnes]
588 2324 624 2381 ad
650 2334 776 2380 nostram
809 2324 981 2381 sententiam

152 2421 388 2499 mperduoimus,
411 2431 458 2478 aut
482 2420 622 2492 docendo,
644 2429 692 2477 aut
718 2419 910 2491 conciliando,
932 2429 981 2477 aut
1082 2424 1083 2427 ’

196 2517 398 2594 permovendo,
413 2535 471 2574 uua
488 2535 524 2573 er
543 2516 677 2574 omnibus
696 2515 740 2571 hie
758 2515 844 2572 rebus
862 2533 908 2571 res
921 2533 980 2590 prae

197 2611 350 2670 nobie‘est
377 2612 502 2683 ferenda,
525 2618 556 2668 ut
581 2610 653 2667 nihil
681 2610 767 2681 aliud,
791 2610 847 2666 nisi
874 2610 981 2667 dooere

197 2707 270 2765 velle
289 2708 451 2765 videamur:
476 2707 591 2781 reliqum
612 2707 686 2776 duae,
706 2706 792 2763 sicuti
812 2705 929 2782 sanguis
949 2705 980 2762 in

197 2802 373 2879 corporibus,
388 2803 430 2860 sio
443 2802 498 2859 illae
513 2802 541 2858 iu
555 2800 699 2876 perpetuis
719 2801 896 2858 orationibus
909 2801 980 2858 tuse

151 2909 184 2960 tto
197 2917 261 2956 esse
287 2898 439 2955 debebunt.
485 2896 563 2953 Nam
590 2906 619 2953 et
642 2896 794 2970 principia,
821 2905 850 2952 et
876 2905 981 2952 ceterae
1082 2910 1083 2913 ’

197 3004 292 3072 partes
318 2992 465 3066 orationis,
492 2992 527 3050 de
555 2992 658 3067 quibus
683 2991 769 3068 paulo
794 3001 859 3066 post
886 3007 981 3068 pauoa
