2184 3575
130 304 171 368 84
449 315 493 364 DE
515 315 679 365 oltsr'ottu
861 315 901 374 [L.
910 313 955 364 ΙΙΙ.

176 460 222 521 Ibi
236 481 302 521 cum
315 462 426 526 Drusus
439 462 529 521 multa
541 462 578 520 de
590 462 723 539 Philippo
741 471 858 538 questus
870 471 955 534 esset,

175 558 272 617 rotulit
292 559 328 617 ad
348 570 477 618 senatum
497 559 533 616 de
554 559 604 617 illo
623 559 694 635 ipso,
708 560 785 634 quod
804 559 905 616 consui
925 558 957 616 in

176 673 243 712 eum
269 656 397 714 ordinem
424 666 483 714 tam
508 656 631 734 graviter
657 656 688 713 in
714 655 856 715 concione
881 665 958 713 esset

176 751 313 810 invectus.
363 751 432 826 Hic,
452 762 484 810 ut
504 771 578 828 saepe
604 752 678 810 inter
698 735 828 809 homines
847 751 958 827 sapien·

40 850 45 862 “
146 847 299 905 attissimus
325 859 456 906 constare
482 848 550 920 vidi,
571 867 731 924 quanquam
758 848 815 907 hoc
841 848 956 920 Crasso,

176 963 243 1002 cum
271 944 377 1019 aliquid
409 945 571 1010 accuratius
602 945 727 1018 dixisset,
753 963 863 1020 semper
898 944 957 1002 sere

177 1040 353 1117 contigisset,
366 1051 397 1098 ut
410 1059 554 1115 nunquam
569 1040 673 1109 dixisse
687 1041 788 1098 melius
800 1050 956 1116 putaretur,

177 1144 272 1191 tamen
291 1135 417 1193 omnium
438 1153 581 1193 consensu
594 1135 637 1193 sic
650 1155 713 1193 esse
725 1146 786 1193 tum
797 1136 957 1212 judicatum

179 1229 283 1303 audivi,
311 1242 423 1289 ceteros
450 1251 466 1290 a
492 1232 598 1290 Crasso
628 1251 740 1307 semper
771 1250 880 1304 omnes,
907 1231 957 1288 ilio

98 1325 101 1332 ’
133 1309 272 1390 luentem
292 1327 339 1384 die
359 1327 443 1385 etiam
464 1327 557 1403 ipsum
578 1347 595 1386 a
613 1345 676 1384 sese
689 1338 859 1403 superatum.
901 1326 958 1384 De-

176 1423 297 1499 ploravit
317 1423 393 1480 enim
413 1442 510 1481 cesum
539 1433 622 1500 atque
647 1424 797 1481 orbitatem
823 1423 956 1481 senatirs:

178 1519 260 1596 cujus
279 1521 387 1577 ordinis
402 1539 419 1578 a
432 1521 560 1592 consule,
574 1520 623 1594 qui
643 1521 724 1594 quasi
742 1539 845 1596 parens
865 1521 957 1578 bonus

179 1627 227 1676 aut
239 1627 315 1678 ¹tutor
331 1616 423 1674 fidelis
442 1635 505 1674 esse
524 1617 650 1691 deberet,
664 1626 798 1690 tanquam
814 1616 958 1690 abaliquo

176 1711 287 1772 nefario
306 1711 449 1789 predone,
464 1712 633 1788 diriperetur
653 1712 854 1788 patrimonium
866 1711 960 1790 digni·

133 1823 163 1872 15
177 1809 260 1868 tatis:
284 1828 376 1884 neque
396 1826 463 1866 vero
483 1828 545 1867 esse
565 1809 736 1881 mirandum,
756 1810 790 1882 si,
811 1829 878 1868 cum
899 1809 960 1869 suis

178 1905 306 1964 consiliis
342 1905 547 1980 rempublicam
582 1904 771 1982 profligdsset
807 1906 959 1965 consilium

178 2002 293 2060 senatis
307 2020 323 2059 a
336 2001 484 2077 republicis
502 2002 672 2077 repudiaret.
713 2002 773 2061 Hic
788 2021 855 2060 curn
869 2002 960 2061 bomi-

177 2099 208 2158 ni
222 2108 250 2157 et
264 2098 423 2157 vehementi
443 2107 472 2155 et
491 2098 608 2170 diserto,
622 2108 654 2156 et·
668 2098 697 2157 in
716 2098 816 2174 primia
835 2099 902 2157 sorti
923 2098 958 2157 ad

178 2195 377 2266 resistendum,
394 2194 536 2271 Phiiippo,
552 2195 632 2269 quasi
652 2195 788 2269 quasdam
808 2196 960 2255 verborum

132 2304 164 2355 ao
179 2291 256 2349 faces
289 2290 468 2362 admovisset,
501 2310 560 2349 uon
593 2291 658 2349 tulit
691 2292 748 2363 ille,
774 2301 803 2350 et
835 2292 959 2368 graviter

178 2386 292 2458 exarsit,
312 2387 534 2464 pignoribusque
555 2387 656 2445 ablatis
676 2388 813 2445 Crassum
837 2386 960 2445 instituit

180 2486 323 2541 codrcere.
362 2482 433 2544 Quo
456 2482 571 2557 quidem
598 2482 661 2559 ipso
685 2482 715 2541 in
740 2482 807 2541 loco
833 2482 961 2540 multas

180 2579 285 2637 Crasso
310 2580 445 2637 divinitus
472 2579 550 2639 dicta
579 2580 777 2650 efferebantur,
804 2597 870 2637 oum
902 2578 959 2635 sibi

179 2675 259 2733 iilum
286 2676 434 2733 consulem
460 2694 522 2735 esse
541 2685 668 2751 negaret,
689 2674 870 2733 cui-serrator
897 2674 960 2751 ipse

132 2778 164 2829 25
178 2791 235 2833 nou
255 2782 338 2830 esset
379 2773 455 2829 “An
474 2780 515 2843 tu,
537 2789 604 2829 cnm
623 2789 737 2829 omnem
761 2771 960 2830 anctoritatem

178 2868 301 2926 universi
320 2868 429 2927 ordinis
447 2886 500 2943 pro
519 2865 640 2943 pignore
658 2865 777 2942 putaris,
791 2884 911 2943 eamque
928 2866 960 2926 in

179 2974 334 3041 conspectu
360 2964 458 3041 populi
484 2963 613 3022 Romani
639 2962 816 3034 concideris;
847 2963 961 3025 mobis

177 3060 346 3141 pignoribus
363 3061 509 3124 existimas
527 3078 614 3139 posse
631 3059 751 3122 terrarii
770 3078 833 3129 pon
844 3059 898 3120 tibi
910 3059 962 3119 iiia
