<?xml version="1.0" encoding="UTF-8"?>
<!DOCTYPE html PUBLIC "-//W3C//DTD XHTML 1.0 Transitional//EN"
    "http://www.w3.org/TR/xhtml1/DTD/xhtml1-transitional.dtd">
<html xmlns="http://www.w3.org/1999/xhtml" xml:lang="en" lang="en">
 <head>
  <title>
</title>
<meta http-equiv="Content-Type" content="text/html;charset=utf-8" />
  <meta name='ocr-system' content='tesseract 3.04.00' />
  <meta name='ocr-capabilities' content='ocr_page ocr_carea ocr_par ocr_line ocrx_word'/>
</head>
<body>
  <div class='ocr_page' id='page_1' title='image "./mtciceronisadqu02dillgoog_0171.png"; bbox 0 0 2184 3575; ppageno 0'>
   <div class='ocr_carea' id='block_1_1' title="bbox 125 348 957 414">
    <p class='ocr_par' dir='ltr' id='par_1_1' title="bbox 125 348 957 414">
     <span class='ocr_line' id='line_1_1' title="bbox 125 348 957 414; baseline 0.012 -16"><span class='ocrx_word' id='word_1_1' title='bbox 125 351 217 414; x_wconf 76' lang='lat' dir='ltr'>nna]</span> <span class='ocrx_word' id='word_1_2' title='bbox 405 357 448 404; x_wconf 80' lang='lat' dir='ltr'>na</span> <span class='ocrx_word' id='word_1_3' title='bbox 469 357 636 404; x_wconf 75' lang='lat' dir='ltr'>oraronu.</span> <span class='ocrx_word' id='word_1_4' title='bbox 900 348 957 408; x_wconf 78' lang='lat' dir='ltr'>tot</span> 
     </span>
    </p>
   </div>
   <div class='ocr_carea' id='block_1_2' title="bbox 122 503 956 3179">
    <p class='ocr_par' dir='ltr' id='par_1_2' title="bbox 122 503 956 3179">
     <span class='ocr_line' id='line_1_2' title="bbox 126 503 912 582; baseline 0.008 -24"><span class='ocrx_word' id='word_1_5' title='bbox 126 503 329 579; x_wconf 85' lang='lat' dir='ltr'>conjunctione</span> <span class='ocrx_word' id='word_1_6' title='bbox 362 523 477 576; x_wconf 88' lang='lat' dir='ltr'>eorum;</span> <span class='ocrx_word' id='word_1_7' title='bbox 511 505 572 564; x_wconf 81' lang='lat' dir='ltr'>dixi</span> <span class='ocrx_word' id='word_1_8' title='bbox 605 505 643 564; x_wconf 92' lang='lat' dir='ltr'>de</span> <span class='ocrx_word' id='word_1_9' title='bbox 673 523 794 566; x_wconf 88' lang='lat' dir='ltr'>numero</span> <span class='ocrx_word' id='word_1_10' title='bbox 826 515 912 582; x_wconf 82' lang='lat' dir='ltr'>atque</span> 
     </span>
     <span class='ocr_line' id='line_1_3' title="bbox 127 598 912 675; baseline 0.008 -20"><span class='ocrx_word' id='word_1_11' title='bbox 127 598 226 658; x_wconf 71' lang='lat' dir='ltr'>sormi.</span> <span class='ocrx_word' id='word_1_12' title='bbox 280 601 348 673; x_wconf 82' lang='lat' dir='ltr'>Sed,·</span> <span class='ocrx_word' id='word_1_13' title='bbox 377 602 401 659; x_wconf 90' lang='lat' dir='ltr'>si</span> <span class='ocrx_word' id='word_1_14' title='bbox 428 603 558 660; x_wconf 88' lang='lat' dir='ltr'>habitum</span> <span class='ocrx_word' id='word_1_15' title='bbox 590 603 729 661; x_wconf 89' lang='lat' dir='ltr'>orationis</span> <span class='ocrx_word' id='word_1_16' title='bbox 758 603 856 675; x_wconf 85' lang='lat' dir='ltr'>etiam,</span> <span class='ocrx_word' id='word_1_17' title='bbox 882 613 912 661; x_wconf 84' lang='lat' dir='ltr'>et</span> 
     </span>
     <span class='ocr_line' id='line_1_4' title="bbox 127 695 914 774; baseline 0.008 -23"><span class='ocrx_word' id='word_1_18' title='bbox 127 695 207 769; x_wconf 82' lang='lat' dir='ltr'><strong>quasi</strong></span> <span class='ocrx_word' id='word_1_19' title='bbox 231 697 357 754; x_wconf 85' lang='lat' dir='ltr'>colorem</span> <span class='ocrx_word' id='word_1_20' title='bbox 382 698 515 773; x_wconf 83' lang='lat' dir='ltr'><strong>aliquem,</strong></span> <span class='ocrx_word' id='word_1_21' title='bbox 538 699 690 774; x_wconf 74' lang='lat' dir='ltr'>requiritis,</span> <span class='ocrx_word' id='word_1_22' title='bbox 712 709 755 756; x_wconf 81' lang='lat' dir='ltr'>est</span> <span class='ocrx_word' id='word_1_23' title='bbox 778 709 808 756; x_wconf 90' lang='lat' dir='ltr'>et</span> <span class='ocrx_word' id='word_1_24' title='bbox 827 699 914 774; x_wconf 85' lang='lat' dir='ltr'>pleat</span> 
     </span>
     <span class='ocr_line' id='line_1_5' title="bbox 127 792 912 866; baseline 0.006 -20"><span class='ocrx_word' id='word_1_25' title='bbox 127 792 265 864; x_wconf 75' lang='lat' dir='ltr'>quadam,</span> <span class='ocrx_word' id='word_1_26' title='bbox 286 794 336 851; x_wconf 87' lang='lat' dir='ltr'>sed</span> <span class='ocrx_word' id='word_1_27' title='bbox 356 803 452 851; x_wconf 88' lang='lat' dir='ltr'>tamen</span> <span class='ocrx_word' id='word_1_28' title='bbox 472 804 563 865; x_wconf 84' lang='lat' dir='ltr'>teres3</span> <span class='ocrx_word' id='word_1_29' title='bbox 591 805 621 852; x_wconf 88' lang='lat' dir='ltr'>et</span> <span class='ocrx_word' id='word_1_30' title='bbox 646 796 751 866; x_wconf 88' lang='lat' dir='ltr'>tenuis,</span> <span class='ocrx_word' id='word_1_31' title='bbox 771 813 830 852; x_wconf 89' lang='lat' dir='ltr'>non</span> <span class='ocrx_word' id='word_1_32' title='bbox 850 794 912 852; x_wconf 86' lang='lat' dir='ltr'>sine</span> 
     </span>
     <span class='ocr_line' id='line_1_6' title="bbox 126 888 940 966; baseline 0.007 -23"><span class='ocrx_word' id='word_1_33' title='bbox 126 888 219 945; x_wconf 85' lang='lat' dir='ltr'>nervis</span> <span class='ocrx_word' id='word_1_34' title='bbox 234 907 268 946; x_wconf 85' lang='lat' dir='ltr'>ac</span> <span class='ocrx_word' id='word_1_35' title='bbox 281 890 388 947; x_wconf 88' lang='lat' dir='ltr'>viribus</span> <span class='ocrx_word' id='word_1_36' title='bbox 396 910 404 961; x_wconf 88' lang='lat'>;</span> <span class='ocrx_word' id='word_1_37' title='bbox 426 900 454 947; x_wconf 87' lang='lat' dir='ltr'>et</span> <span class='ocrx_word' id='word_1_38' title='bbox 467 909 512 963; x_wconf 88' lang='lat' dir='ltr'>ea,</span> <span class='ocrx_word' id='word_1_39' title='bbox 526 910 589 966; x_wconf 85' lang='lat' dir='ltr'>quae</span> <span class='ocrx_word' id='word_1_40' title='bbox 609 891 751 966; x_wconf 80' lang='lat' dir='ltr'>particeps</span> <span class='ocrx_word' id='word_1_41' title='bbox 764 890 940 966; x_wconf 75' lang='lat' dir='ltr'>utriusquefi</span> 
     </span>
     <span class='ocr_line' id='line_1_7' title="bbox 124 985 913 1060; baseline 0.005 -20"><span class='ocrx_word' id='word_1_42' title='bbox 124 985 238 1059; x_wconf 80' lang='lat' dir='ltr'>generis</span> <span class='ocrx_word' id='word_1_43' title='bbox 272 986 396 1060; x_wconf 76' lang='lat' dir='ltr'>quddam</span> <span class='ocrx_word' id='word_1_44' title='bbox 428 987 627 1046; x_wconf 78' lang='lat' dir='ltr'>mediocritate</span> <span class='ocrx_word' id='word_1_45' title='bbox 659 987 801 1045; x_wconf 86' lang='lat' dir='ltr'>laudatur.</span> <span class='ocrx_word' id='word_1_46' title='bbox 856 985 913 1044; x_wconf 85' lang='lat' dir='ltr'>His</span> 
     </span>
     <span class='ocr_line' id='line_1_8' title="bbox 125 1080 912 1159; baseline 0.004 -23"><span class='ocrx_word' id='word_1_47' title='bbox 125 1080 215 1138; x_wconf 90' lang='lat' dir='ltr'>tribus</span> <span class='ocrx_word' id='word_1_48' title='bbox 241 1081 341 1158; x_wconf 85' lang='lat' dir='ltr'>figuris</span> <span class='ocrx_word' id='word_1_49' title='bbox 368 1082 636 1159; x_wconf 87' lang='lat' dir='ltr'>insidere.quidam</span> <span class='ocrx_word' id='word_1_50' title='bbox 664 1083 829 1156; x_wconf 78' lang='lat' dir='ltr'>venustatis,</span> <span class='ocrx_word' id='word_1_51' title='bbox 852 1100 912 1140; x_wconf 91' lang='lat' dir='ltr'>non</span> 
     </span>
     <span class='ocr_line' id='line_1_9' title="bbox 125 1174 911 1255; baseline 0.004 -22"><span class='ocrx_word' id='word_1_52' title='bbox 125 1174 192 1234; x_wconf 80' lang='lat' dir='ltr'>fuco</span> <span class='ocrx_word' id='word_1_53' title='bbox 211 1176 309 1249; x_wconf 86' lang='lat' dir='ltr'>illitus,</span> <span class='ocrx_word' id='word_1_54' title='bbox 330 1177 380 1236; x_wconf 83' lang='lat' dir='ltr'>sed</span> <span class='ocrx_word' id='word_1_55' title='bbox 401 1179 542 1255; x_wconf 81' lang='lat' dir='ltr'>sanguino</span> <span class='ocrx_word' id='word_1_56' title='bbox 567 1179 698 1252; x_wconf 81' lang='lat' dir='ltr'>diffusus,</span> <span class='ocrx_word' id='word_1_57' title='bbox 717 1180 803 1238; x_wconf 83' lang='lat' dir='ltr'>debet</span> <span class='ocrx_word' id='word_1_58' title='bbox 821 1178 911 1238; x_wconf 79' lang='lat' dir='ltr'>color.</span> 
     </span>
     <span class='ocr_line' id='line_1_10' title="bbox 125 1271 912 1348; baseline 0.005 -20"><span class='ocrx_word' id='word_1_59' title='bbox 125 1271 203 1329; x_wconf 83' lang='lat' dir='ltr'>Tum</span> <span class='ocrx_word' id='word_1_60' title='bbox 218 1273 342 1348; x_wconf 83' lang='lat' dir='ltr'>deniquo</span> <span class='ocrx_word' id='word_1_61' title='bbox 355 1275 439 1332; x_wconf 89' lang='lat' dir='ltr'>nobis</span> <span class='ocrx_word' id='word_1_62' title='bbox 452 1275 501 1333; x_wconf 89' lang='lat' dir='ltr'>hic</span> <span class='ocrx_word' id='word_1_63' title='bbox 515 1286 609 1333; x_wconf 86' lang='lat' dir='ltr'>orator</span> <span class='ocrx_word' id='word_1_64' title='bbox 630 1276 671 1333; x_wconf 87' lang='lat' dir='ltr'>ita</span> <span class='ocrx_word' id='word_1_65' title='bbox 690 1275 912 1334; x_wconf 82' lang='lat' dir='ltr'>conformandos</span> 
     </span>
     <span class='ocr_line' id='line_1_11' title="bbox 125 1370 956 1447; baseline 0.01 -23"><span class='ocrx_word' id='word_1_66' title='bbox 125 1380 168 1425; x_wconf 87' lang='lat' dir='ltr'>est</span> <span class='ocrx_word' id='word_1_67' title='bbox 181 1377 210 1426; x_wconf 87' lang='lat' dir='ltr'>et</span> <span class='ocrx_word' id='word_1_68' title='bbox 224 1370 317 1428; x_wconf 85' lang='lat' dir='ltr'>verbis</span> <span class='ocrx_word' id='word_1_69' title='bbox 331 1381 360 1428; x_wconf 89' lang='lat' dir='ltr'>et</span> <span class='ocrx_word' id='word_1_70' title='bbox 372 1372 532 1442; x_wconf 84' lang='lat' dir='ltr'>sententiis,</span> <span class='ocrx_word' id='word_1_71' title='bbox 548 1380 589 1443; x_wconf 89' lang='lat' dir='ltr'>ut,</span> <span class='ocrx_word' id='word_1_72' title='bbox 603 1371 843 1446; x_wconf 83' lang='lat' dir='ltr'>quemadmodum</span> <span class='ocrx_word' id='word_1_73' title='bbox 862 1370 912 1447; x_wconf 88' lang='lat' dir='ltr'>qui</span> <span class='ocrx_word' id='word_1_74' title='bbox 924 1383 956 1434; x_wconf 82' lang='lat' dir='ltr'>lt</span> 
     </span>
     <span class='ocr_line' id='line_1_12' title="bbox 124 1466 913 1544; baseline 0.004 -23"><span class='ocrx_word' id='word_1_75' title='bbox 124 1474 243 1522; x_wconf 87' lang='lat' dir='ltr'>utuntur</span> <span class='ocrx_word' id='word_1_76' title='bbox 258 1467 344 1530; x_wconf 87' lang='lat' dir='ltr'>armis</span> <span class='ocrx_word' id='word_1_77' title='bbox 358 1478 407 1526; x_wconf 88' lang='lat' dir='ltr'>aut</span> <span class='ocrx_word' id='word_1_78' title='bbox 420 1468 561 1544; x_wconf 68' lang='lat' dir='ltr'>palestra,</span> <span class='ocrx_word' id='word_1_79' title='bbox 575 1485 634 1524; x_wconf 91' lang='lat' dir='ltr'>non</span> <span class='ocrx_word' id='word_1_80' title='bbox 651 1467 742 1525; x_wconf 88' lang='lat' dir='ltr'>solum</span> <span class='ocrx_word' id='word_1_81' title='bbox 755 1466 810 1524; x_wconf 85' lang='lat' dir='ltr'>sibi</span> <span class='ocrx_word' id='word_1_82' title='bbox 823 1467 913 1524; x_wconf 86' lang='lat' dir='ltr'>vitan·</span> 
     </span>
     <span class='ocr_line' id='line_1_13' title="bbox 124 1560 911 1638; baseline 0.001 -20"><span class='ocrx_word' id='word_1_83' title='bbox 124 1560 154 1618; x_wconf 90' lang='lat' dir='ltr'>di</span> <span class='ocrx_word' id='word_1_84' title='bbox 175 1572 224 1619; x_wconf 88' lang='lat' dir='ltr'>aut</span> <span class='ocrx_word' id='word_1_85' title='bbox 245 1562 366 1620; x_wconf 82' lang='lat' dir='ltr'>feriendi</span> <span class='ocrx_word' id='word_1_86' title='bbox 386 1564 527 1624; x_wconf 88' lang='lat' dir='ltr'>rationem</span> <span class='ocrx_word' id='word_1_87' title='bbox 547 1582 611 1622; x_wconf 86' lang='lat' dir='ltr'>esse</span> <span class='ocrx_word' id='word_1_88' title='bbox 625 1562 788 1622; x_wconf 87' lang='lat' dir='ltr'>habendam</span> <span class='ocrx_word' id='word_1_89' title='bbox 799 1570 911 1638; x_wconf 83' lang='lat' dir='ltr'>putant,</span> 
     </span>
     <span class='ocr_line' id='line_1_14' title="bbox 124 1658 912 1731; baseline 0.001 -16"><span class='ocrx_word' id='word_1_90' title='bbox 124 1658 175 1716; x_wconf 83' lang='lat' dir='ltr'>sed</span> <span class='ocrx_word' id='word_1_91' title='bbox 184 1658 280 1731; x_wconf 86' lang='lat' dir='ltr'>etiarn,</span> <span class='ocrx_word' id='word_1_92' title='bbox 290 1670 322 1717; x_wconf 89' lang='lat' dir='ltr'>ut</span> <span class='ocrx_word' id='word_1_93' title='bbox 330 1678 396 1718; x_wconf 88' lang='lat' dir='ltr'>cum</span> <span class='ocrx_word' id='word_1_94' title='bbox 404 1670 554 1718; x_wconf 84' lang='lat' dir='ltr'>venustate</span> <span class='ocrx_word' id='word_1_95' title='bbox 564 1669 747 1729; x_wconf 83' lang='lat' dir='ltr'>moveantur3</span> <span class='ocrx_word' id='word_1_96' title='bbox 765 1658 912 1718; x_wconf 85' lang='lat' dir='ltr'>sicverbis</span> 
     </span>
     <span class='ocr_line' id='line_1_15' title="bbox 123 1755 910 1835; baseline 0.001 -23"><span class='ocrx_word' id='word_1_97' title='bbox 123 1755 238 1830; x_wconf 88' lang='lat' dir='ltr'>quidem</span> <span class='ocrx_word' id='word_1_98' title='bbox 260 1755 295 1814; x_wconf 89' lang='lat' dir='ltr'>ad</span> <span class='ocrx_word' id='word_1_99' title='bbox 316 1765 410 1835; x_wconf 90' lang='lat' dir='ltr'>aptam</span> <span class='ocrx_word' id='word_1_100' title='bbox 431 1756 670 1833; x_wconf 84' lang='lat' dir='ltr'>compositionem</span> <span class='ocrx_word' id='word_1_101' title='bbox 690 1765 719 1814; x_wconf 90' lang='lat' dir='ltr'>et</span> <span class='ocrx_word' id='word_1_102' title='bbox 737 1755 910 1828; x_wconf 83' lang='lat' dir='ltr'>decentiam,</span> 
     </span>
     <span class='ocr_line' id='line_1_16' title="bbox 123 1850 956 1931; baseline 0.004 -23"><span class='ocrx_word' id='word_1_103' title='bbox 123 1852 273 1910; x_wconf 87' lang='lat' dir='ltr'>sententiis</span> <span class='ocrx_word' id='word_1_104' title='bbox 283 1872 351 1910; x_wconf 86' lang='lat' dir='ltr'>vero</span> <span class='ocrx_word' id='word_1_105' title='bbox 363 1854 397 1911; x_wconf 92' lang='lat' dir='ltr'>ad</span> <span class='ocrx_word' id='word_1_106' title='bbox 413 1854 582 1931; x_wconf 79' lang='lat' dir='ltr'>gravitatem</span> <span class='ocrx_word' id='word_1_107' title='bbox 594 1852 740 1924; x_wconf 83' lang='lat' dir='ltr'>orationis,</span> <span class='ocrx_word' id='word_1_108' title='bbox 749 1862 856 1925; x_wconf 84' lang='lat' dir='ltr'>utatur,</span> <span class='ocrx_word' id='word_1_109' title='bbox 865 1850 911 1929; x_wconf 89' lang='lat' dir='ltr'>[ut</span> <span class='ocrx_word' id='word_1_110' title='bbox 924 1860 956 1911; x_wconf 82' lang='lat'>15</span> 
     </span>
     <span class='ocr_line' id='line_1_17' title="bbox 123 1946 787 2027; baseline 0.002 -22"><span class='ocrx_word' id='word_1_111' title='bbox 123 1946 154 2019; x_wconf 90' lang='lat' dir='ltr'>ii,</span> <span class='ocrx_word' id='word_1_112' title='bbox 168 1948 218 2023; x_wconf 88' lang='lat' dir='ltr'>qui</span> <span class='ocrx_word' id='word_1_113' title='bbox 232 1948 261 2005; x_wconf 90' lang='lat' dir='ltr'>in</span> <span class='ocrx_word' id='word_1_114' title='bbox 277 1962 417 2007; x_wconf 85' lang='lat' dir='ltr'>armorum</span> <span class='ocrx_word' id='word_1_115' title='bbox 432 1949 603 2007; x_wconf 82' lang='lat' dir='ltr'>tractatione</span> <span class='ocrx_word' id='word_1_116' title='bbox 617 1949 787 2027; x_wconf 69' lang='lat' dir='ltr'>versantur]</span> 
     </span>
     <span class='ocr_line' id='line_1_18' title="bbox 162 2043 911 2119; baseline 0.001 -19"><span class='ocrx_word' id='word_1_117' title='bbox 162 2043 332 2101; x_wconf 86' lang='lat' dir='ltr'>Formantur</span> <span class='ocrx_word' id='word_1_118' title='bbox 353 2054 448 2101; x_wconf 85' lang='lat' dir='ltr'>autem</span> <span class='ocrx_word' id='word_1_119' title='bbox 462 2054 492 2102; x_wconf 93' lang='lat' dir='ltr'>et</span> <span class='ocrx_word' id='word_1_120' title='bbox 505 2046 601 2115; x_wconf 84' lang='lat' dir='ltr'>verba,</span> <span class='ocrx_word' id='word_1_121' title='bbox 615 2053 645 2101; x_wconf 89' lang='lat' dir='ltr'>et</span> <span class='ocrx_word' id='word_1_122' title='bbox 661 2044 810 2101; x_wconf 71' lang='lat' dir='ltr'>sententiae</span> <span class='ocrx_word' id='word_1_123' title='bbox 829 2061 911 2119; x_wconf 79' lang='lat' dir='ltr'>piene</span> 
     </span>
     <span class='ocr_line' id='line_1_19' title="bbox 125 2138 912 2213; baseline 0 -18"><span class='ocrx_word' id='word_1_124' title='bbox 125 2138 357 2209; x_wconf 85' lang='lat' dir='ltr'>innumerabiles,</span> <span class='ocrx_word' id='word_1_125' title='bbox 382 2139 458 2213; x_wconf 91' lang='lat' dir='ltr'>quod</span> <span class='ocrx_word' id='word_1_126' title='bbox 486 2140 556 2197; x_wconf 84' lang='lat' dir='ltr'>satis</span> <span class='ocrx_word' id='word_1_127' title='bbox 578 2139 640 2196; x_wconf 88' lang='lat' dir='ltr'>scio</span> <span class='ocrx_word' id='word_1_128' title='bbox 661 2149 760 2197; x_wconf 89' lang='lat' dir='ltr'>notum</span> <span class='ocrx_word' id='word_1_129' title='bbox 781 2157 844 2196; x_wconf 75' lang='lat' dir='ltr'>esoe</span> <span class='ocrx_word' id='word_1_130' title='bbox 863 2156 912 2195; x_wconf 80' lang='lat' dir='ltr'>so·</span> 
     </span>
     <span class='ocr_line' id='line_1_20' title="bbox 124 2233 912 2292; baseline 0.001 -2"><span class='ocrx_word' id='word_1_131' title='bbox 124 2234 186 2291; x_wconf 82' lang='lat' dir='ltr'>bie:</span> <span class='ocrx_word' id='word_1_132' title='bbox 221 2233 270 2291; x_wconf 84' lang='lat' dir='ltr'>sad</span> <span class='ocrx_word' id='word_1_133' title='bbox 303 2234 378 2291; x_wconf 91' lang='lat' dir='ltr'>inter</span> <span class='ocrx_word' id='word_1_134' title='bbox 411 2234 665 2292; x_wconf 73' lang='lat' dir='ltr'>conformationem</span> <span class='ocrx_word' id='word_1_135' title='bbox 699 2236 850 2291; x_wconf 82' lang='lat' dir='ltr'>verborum</span> <span class='ocrx_word' id='word_1_136' title='bbox 881 2244 912 2291; x_wconf 88' lang='lat' dir='ltr'>et</span> 
     </span>
     <span class='ocr_line' id='line_1_21' title="bbox 124 2329 955 2405; baseline -0.001 -18"><span class='ocrx_word' id='word_1_137' title='bbox 124 2329 330 2387; x_wconf 87' lang='lat' dir='ltr'>sententiarum</span> <span class='ocrx_word' id='word_1_138' title='bbox 351 2330 407 2387; x_wconf 91' lang='lat' dir='ltr'>hoc</span> <span class='ocrx_word' id='word_1_139' title='bbox 427 2330 555 2401; x_wconf 80' lang='lat' dir='ltr'>interest,</span> <span class='ocrx_word' id='word_1_140' title='bbox 570 2330 647 2405; x_wconf 90' lang='lat' dir='ltr'>quod</span> <span class='ocrx_word' id='word_1_141' title='bbox 667 2331 818 2387; x_wconf 83' lang='lat' dir='ltr'>verborum</span> <span class='ocrx_word' id='word_1_142' title='bbox 837 2329 955 2388; x_wconf 76' lang='lat' dir='ltr'>tolli-ao</span> 
     </span>
     <span class='ocr_line' id='line_1_22' title="bbox 123 2426 909 2503; baseline 0.004 -21"><span class='ocrx_word' id='word_1_143' title='bbox 123 2436 179 2498; x_wconf 89' lang='lat' dir='ltr'>tur,</span> <span class='ocrx_word' id='word_1_144' title='bbox 200 2426 224 2483; x_wconf 89' lang='lat' dir='ltr'>si</span> <span class='ocrx_word' id='word_1_145' title='bbox 246 2427 330 2485; x_wconf 86' lang='lat' dir='ltr'>verba</span> <span class='ocrx_word' id='word_1_146' title='bbox 356 2426 490 2497; x_wconf 78' lang='lat' dir='ltr'>mutiris3</span> <span class='ocrx_word' id='word_1_147' title='bbox 524 2426 730 2485; x_wconf 85' lang='lat' dir='ltr'>sententiarum</span> <span class='ocrx_word' id='word_1_148' title='bbox 753 2436 909 2503; x_wconf 86' lang='lat' dir='ltr'>permanet,</span> 
     </span>
     <span class='ocr_line' id='line_1_23' title="bbox 123 2522 910 2599; baseline 0.003 -20"><span class='ocrx_word' id='word_1_149' title='bbox 123 2523 350 2599; x_wconf 85' lang='lat' dir='ltr'>quibuscumque</span> <span class='ocrx_word' id='word_1_150' title='bbox 377 2524 471 2581; x_wconf 85' lang='lat' dir='ltr'>verbis</span> <span class='ocrx_word' id='word_1_151' title='bbox 496 2523 539 2580; x_wconf 89' lang='lat' dir='ltr'>uti</span> <span class='ocrx_word' id='word_1_152' title='bbox 559 2523 638 2581; x_wconf 83' lang='lat' dir='ltr'>velis.</span> <span class='ocrx_word' id='word_1_153' title='bbox 677 2522 769 2585; x_wconf 78' lang='lat' dir='ltr'>Quod</span> <span class='ocrx_word' id='word_1_154' title='bbox 794 2522 910 2599; x_wconf 82' lang='lat' dir='ltr'>quidem</span> 
     </span>
     <span class='ocr_line' id='line_1_24' title="bbox 123 2618 910 2695; baseline 0.001 -19"><span class='ocrx_word' id='word_1_155' title='bbox 123 2638 173 2677; x_wconf 80' lang='lat' dir='ltr'>ros</span> <span class='ocrx_word' id='word_1_156' title='bbox 186 2620 239 2677; x_wconf 87' lang='lat' dir='ltr'>etsi</span> <span class='ocrx_word' id='word_1_157' title='bbox 254 2620 358 2691; x_wconf 80' lang='lat' dir='ltr'>facitis,</span> <span class='ocrx_word' id='word_1_158' title='bbox 372 2630 468 2677; x_wconf 86' lang='lat' dir='ltr'>tamen</span> <span class='ocrx_word' id='word_1_159' title='bbox 490 2619 684 2677; x_wconf 84' lang='lat' dir='ltr'>admonendos</span> <span class='ocrx_word' id='word_1_160' title='bbox 697 2628 775 2695; x_wconf 90' lang='lat' dir='ltr'>puto,</span> <span class='ocrx_word' id='word_1_161' title='bbox 789 2618 910 2695; x_wconf 82' lang='lat' dir='ltr'>nequid</span> 
     </span>
     <span class='ocr_line' id='line_1_25' title="bbox 123 2715 911 2792; baseline -0.001 -20"><span class='ocrx_word' id='word_1_162' title='bbox 123 2734 185 2773; x_wconf 83' lang='lat' dir='ltr'>esse</span> <span class='ocrx_word' id='word_1_163' title='bbox 200 2715 275 2775; x_wconf 85' lang='lat' dir='ltr'>aliud</span> <span class='ocrx_word' id='word_1_164' title='bbox 290 2716 412 2773; x_wconf 87' lang='lat' dir='ltr'>oratoris</span> <span class='ocrx_word' id='word_1_165' title='bbox 430 2716 546 2792; x_wconf 80' lang='lat' dir='ltr'>putetis,</span> <span class='ocrx_word' id='word_1_166' title='bbox 561 2716 637 2790; x_wconf 86' lang='lat' dir='ltr'>quod</span> <span class='ocrx_word' id='word_1_167' title='bbox 651 2715 767 2790; x_wconf 82' lang='lat' dir='ltr'>quidem</span> <span class='ocrx_word' id='word_1_168' title='bbox 781 2716 818 2773; x_wconf 88' lang='lat' dir='ltr'>sit</span> <span class='ocrx_word' id='word_1_169' title='bbox 830 2732 911 2791; x_wconf 79' lang='lat' dir='ltr'>egre·</span> 
     </span>
     <span class='ocr_line' id='line_1_26' title="bbox 123 2811 952 2888; baseline 0 -20"><span class='ocrx_word' id='word_1_170' title='bbox 123 2812 201 2888; x_wconf 78' lang='lat' dir='ltr'>gium</span> <span class='ocrx_word' id='word_1_171' title='bbox 223 2823 307 2887; x_wconf 88' lang='lat' dir='ltr'>atque</span> <span class='ocrx_word' id='word_1_172' title='bbox 327 2812 466 2884; x_wconf 88' lang='lat' dir='ltr'>mirabile,</span> <span class='ocrx_word' id='word_1_173' title='bbox 481 2812 536 2870; x_wconf 87' lang='lat' dir='ltr'>nisi</span> <span class='ocrx_word' id='word_1_174' title='bbox 558 2812 587 2869; x_wconf 90' lang='lat' dir='ltr'>in</span> <span class='ocrx_word' id='word_1_175' title='bbox 608 2812 728 2888; x_wconf 78' lang='lat' dir='ltr'>singulis</span> <span class='ocrx_word' id='word_1_176' title='bbox 748 2811 841 2869; x_wconf 82' lang='lat' dir='ltr'>verbis</span> <span class='ocrx_word' id='word_1_177' title='bbox 861 2811 952 2869; x_wconf 66' lang='lat' dir='ltr'>illato</span> 
     </span>
     <span class='ocr_line' id='line_1_27' title="bbox 122 2907 909 2984; baseline 0.001 -20"><span class='ocrx_word' id='word_1_178' title='bbox 122 2908 177 2965; x_wconf 83' lang='lat' dir='ltr'>tria</span> <span class='ocrx_word' id='word_1_179' title='bbox 190 2919 296 2982; x_wconf 85' lang='lat' dir='ltr'>tenere,</span> <span class='ocrx_word' id='word_1_180' title='bbox 311 2920 342 2967; x_wconf 91' lang='lat' dir='ltr'>ut</span> <span class='ocrx_word' id='word_1_181' title='bbox 356 2909 499 2967; x_wconf 86' lang='lat' dir='ltr'>translatis</span> <span class='ocrx_word' id='word_1_182' title='bbox 513 2920 626 2967; x_wconf 87' lang='lat' dir='ltr'>utamur</span> <span class='ocrx_word' id='word_1_183' title='bbox 640 2909 812 2984; x_wconf 77' lang='lat' dir='ltr'>frequenter,</span> <span class='ocrx_word' id='word_1_184' title='bbox 823 2907 909 2966; x_wconf 90' lang='lat' dir='ltr'>inter·</span> 
     </span>
     <span class='ocr_line' id='line_1_28' title="bbox 123 3002 908 3081; baseline 0 -20"><span class='ocrx_word' id='word_1_185' title='bbox 123 3004 248 3081; x_wconf 87' lang='lat' dir='ltr'>dumque</span> <span class='ocrx_word' id='word_1_186' title='bbox 261 3006 353 3078; x_wconf 83' lang='lat' dir='ltr'>sactis,</span> <span class='ocrx_word' id='word_1_187' title='bbox 367 3024 432 3064; x_wconf 88' lang='lat' dir='ltr'>raro</span> <span class='ocrx_word' id='word_1_188' title='bbox 446 3016 540 3064; x_wconf 87' lang='lat' dir='ltr'>autem</span> <span class='ocrx_word' id='word_1_189' title='bbox 555 3005 642 3065; x_wconf 89' lang='lat' dir='ltr'>etiam</span> <span class='ocrx_word' id='word_1_190' title='bbox 654 3004 832 3081; x_wconf 74' lang='lat' dir='ltr'>penetustir.</span> <span class='ocrx_word' id='word_1_191' title='bbox 871 3002 908 3061; x_wconf 91' lang='lat' dir='ltr'>In</span> 
     </span>
     <span class='ocr_line' id='line_1_29' title="bbox 122 3097 907 3179; baseline 0 -20"><span class='ocrx_word' id='word_1_192' title='bbox 122 3100 260 3179; x_wconf 74' lang='lat' dir='ltr'>perpetnt</span> <span class='ocrx_word' id='word_1_193' title='bbox 278 3112 374 3162; x_wconf 75' lang='lat' dir='ltr'>cotem</span> <span class='ocrx_word' id='word_1_194' title='bbox 394 3102 535 3174; x_wconf 77' lang='lat' dir='ltr'>motione,</span> <span class='ocrx_word' id='word_1_195' title='bbox 556 3118 624 3161; x_wconf 85' lang='lat' dir='ltr'>cum</span> <span class='ocrx_word' id='word_1_196' title='bbox 642 3111 674 3161; x_wconf 78' lang='lat' dir='ltr'>ct</span> <span class='ocrx_word' id='word_1_197' title='bbox 693 3097 907 3179; x_wconf 74' lang='lat' dir='ltr'>conjunctioni·</span> 
     </span>
    </p>
   </div>
   <div class='ocr_carea' id='block_1_3' title="bbox 0 0 1096 3575">
    <p class='ocr_par' dir='ltr' id='par_1_3' title="bbox 0 0 1096 3575">
     <span class='ocr_line' id='line_1_30' title="bbox 0 0 1096 3575; baseline 0 0"><span class='ocrx_word' id='word_1_198' title='bbox 0 0 1096 3575; x_wconf 95' lang='lat' dir='ltr'> </span> 
     </span>
    </p>
   </div>
  </div>
 </body>
</html>
