2184 3575
112 339 205 402 nm]
392 339 436 387 nn
457 336 623 388 omronn·
886 329 942 392 121
987 293 990 295 Α

111 498 212 566 paratu
231 487 315 546 nobis
335 505 407 564 opus
427 498 479 560 est,
495 498 525 546 ot
543 490 631 546 rebus
649 487 797 565 exquisitis
816 487 899 546 undi-

112 603 168 661 que
188 595 217 642 at
236 584 375 656 collectis,
397 583 550 657 arcessitis,
570 585 766 661 comportatis,
782 595 815 642 ut
833 584 897 659 tibi,

106 667 220 754 Caemr,
234 681 396 739 faciendum
417 691 461 739 est
475 682 510 739 ad
531 699 654 752 unnum3
675 692 707 740 nt
718 701 776 759 ego
788 681 819 742 in
833 681 899 740 edi·

113 776 193 836 litate
218 777 354 848 laborari,
382 777 458 854 quod
484 777 659 853 quotidianis
685 787 715 835 et
737 777 898 837 vernaculis

113 874 198 931 robus
224 874 389 932 satisfacere
416 891 462 932 me
487 891 573 950 posse
599 873 668 932 lrnic
698 874 807 951 populo
838 883 929 937 nous

112 971 255 1046 putabam.
486 955 489 966 ⁹
592 982 595 994 ’

152 1067 313 1124 Verborum
333 1066 538 1144 eligendorum,
560 1076 589 1124 et
609 1067 851 1141 collocandorum,
869 1077 899 1126 et

112 1162 386 1234 concludendorum,
408 1163 500 1221 facilis
527 1164 634 1220 estrei
659 1164 740 1236 ratio,
761 1165 815 1236 vel,
836 1164 899 1222 siue

115 1258 235 1330 ratione,
251 1258 500 1334 ipsaexercitatio.
540 1259 652 1317 Rerum
672 1260 809 1318 ostsilra
822 1279 900 1338 mag·

115 1371 163 1427 na,
191 1373 275 1430 qnam
303 1373 368 1412 cum
397 1355 492 1412 Graeoi
523 1355 583 1431 jam
608 1375 667 1412 non
693 1366 835 1428 tenerent,
861 1357 900 1416 ob
914 1364 946 1414 10

115 1469 236 1525 eumque
249 1469 370 1508 causam
382 1450 515 1526 juventus
535 1461 633 1508 nostra
645 1452 806 1508 dedisceret
818 1471 900 1528 paene

115 1546 263 1618 discendo,
291 1546 377 1604 etiarn
410 1547 506 1604 Latini
541 1546 579 1624 (si
611 1547 677 1604 Diis
708 1548 817 1627 placet)
844 1549 901 1606 lroc

116 1643 233 1700 biennio
253 1643 381 1720 magistri
401 1643 517 1701 dicendi
538 1643 722 1714 exstiterunt3
749 1658 821 1720 qnos
846 1661 902 1721 ego

113 1757 218 1798 censor
232 1739 340 1797 edicto
372 1757 436 1797 meo
469 1739 654 1810 sustuleram3
688 1758 745 1797 non
771 1754 829 1815 quo
855 1740 901 1818 (ut

114 1837 216 1895 nescio
233 1855 304 1913 quos
324 1837 421 1894 dicere
439 1836 566 1915 aiebant)
582 1836 647 1895 acui
661 1836 779 1913 ingenia
792 1837 901 1895 adoles·
916 1842 948 1893 15

115 1932 242 1991 centium
269 1932 385 2004 nollem,
407 1933 469 2003 sed,
498 1944 608 2002 contra,
636 1932 753 2009 ingenia
777 1933 900 1991 obtundi

115 2028 205 2100 nolui,
218 2042 220 2048 ·
233 2028 412 2085 corroborari
444 2028 659 2103 impudentium,
711 2027 799 2100 Nam,
827 2028 900 2104 apud

114 2125 234 2182 Graecos
267 2124 315 2198 qui
348 2124 489 2199 ejusmodi
516 2134 621 2193 essent,
647 2123 780 2181 videbam
804 2132 901 2180 tamen

116 2238 190 2291 esse,
210 2230 312 2295 praeter
335 2218 410 2275 hanc
436 2218 671 2275 exercitationem
697 2218 813 2295 lingum,
834 2218 902 2275 doc·

116 2315 221 2373 trinam
236 2315 359 2389 aliquam
372 2324 401 2371 et
415 2313 618 2371 humanitatem
632 2314 749 2390 dignam
762 2315 900 2373 scientid:
916 2316 949 2368 w

117 2410 170 2469 hos
182 2428 249 2468 vero
261 2426 348 2467 noros
362 2407 512 2484 magistros
525 2407 598 2465 nihil
611 2407 805 2485 intelligebam
818 2426 902 2484 posse

117 2506 232 2577 docere,
247 2504 304 2563 nisi
318 2514 348 2561 ut
362 2504 516 2573 auderent3
536 2504 624 2580 quod,
637 2504 724 2562 etiam
738 2522 804 2563 cum
819 2505 903 2564 bonis

116 2604 203 2661 rebus
223 2601 419 2677 conjunctum,
432 2618 483 2676 per
503 2618 535 2657 se
554 2600 646 2675 ipsum
666 2607 712 2658 est
729 2618 902 2678 magnopere

114 2698 295 2777 fugiendum.
336 2696 403 2755 Hoc
423 2714 490 2754 cum
508 2713 598 2754 unum
610 2697 778 2769 traderetur,
792 2708 902 2756 etcum

117 2792 302 2869 impudentiae
322 2792 406 2855 ludus
425 2801 509 2863 esset,
522 2791 620 2867 putari
633 2808 696 2849 esso
714 2793 850 2866 censorio,
863 2810 902 2851 ne
915 2800 948 2851 8⁵

117 2888 233 2966 longius
253 2886 282 2947 id
302 2896 437 2964 serperet,
451 2888 609 2963 providere
647 2886 824 2964 Quanquam
842 2906 903 2948 nou

118 2986 183 3045 hnc
208 2982 249 3042 ita
273 2994 369 3043 statuo
401 2993 485 3060 utque
516 2983 652 3055 decerno,
676 2994 711 3043 ut
741 2984 900 3063 desperem,

118 3080 225 3145 Lutine
249 3096 294 3153 ea,
319 3081 357 3142 de
387 3080 492 3159 quibus
522 3079 738 3159 disputavimus,
764 3082 838 3147 trudi
865 3099 902 3141 oc

198 3191 263 3235 von.
278 3194 310 3236 n.
428 3178 464 3236 11
