2184 3575
132 288 172 349 3⁰
450 298 493 347 nu
514 297 676 345 carrona
879 298 963 359 [nn.

175 454 235 503 tota
253 444 387 505 narratio.
428 445 576 503 Addidisti
595 446 764 517 clausulam,
778 448 839 505 toti
854 446 963 505 Tarra-

176 542 243 601 cina
256 552 316 599 tum
334 542 467 601 omnibus
481 542 510 599 in
524 541 680 619 parietibus
701 542 852 619 inscriptas
872 543 961 600 fuisse

175 638 281 709 literas,
302 638 357 695 tria
376 638 462 708 LLL,
484 638 541 695 duo
563 637 630 695 MM
640 658 647 695 ε
668 658 736 697 cum
756 658 907 714 quaereres,
928 638 961 695 id

175 735 241 809 quid
256 745 340 805 esset,
356 753 452 791 senem
469 734 522 791 tibi
542 735 685 808 quendam
704 736 877 811 oppidanum
898 718 961 792 dirss

145 830 240 897 trisse,
269 829 419 886 “Lacerat
442 830 580 887 lacertum
605 830 703 907 Largii
726 832 844 887 mordax
867 830 961 887 Mem·

174 927 275 1003 mins.'’
316 926 491 1002 Perspicitis,
503 926 560 983 hoc
570 946 662 1005 genus
672 946 757 1002 quam
771 928 809 989 sit
822 928 959 998 facetum,

173 1042 256 1097 quam
271 1022 396 1099 elegans,
411 1042 496 1097 quam
510 1023 674 1094 oratorium,
688 1024 748 1079 sive
762 1023 876 1095 habeas,
891 1042 960 1079 vere

174 1118 249 1192 quod
264 1137 378 1175 narrare
392 1119 484 1193 possis
500 1118 591 1194 (quod
605 1129 700 1175 tamen
714 1129 757 1175 est
771 1119 959 1179 mendaciun-

174 1214 247 1273 culis
262 1215 493 1293 aspergendum),
505 1216 564 1273 sive
578 1215 677 1291 fingas.
719 1215 771 1271 Est
786 1226 880 1273 autem
894 1214 958 1271 haec

129 1320 159 1367 10
174 1310 257 1385 hujus
277 1311 390 1387 generis
411 1311 508 1382 virtus,
523 1322 554 1369 ut
569 1311 608 1370 ita
628 1311 704 1369 faeta
723 1311 910 1381 demonstres,
926 1320 958 1367 ut

172 1425 266 1467 mores
286 1407 408 1485 ejus,*de
428 1426 484 1481 quo
505 1426 613 1478 narres,
627 1417 660 1465 ut
679 1426 783 1477 sermo,
800 1417 837 1464 ut
851 1407 957 1477 vultus,

171 1522 270 1561 omnes
283 1503 486 1579 exprimantur,
501 1513 532 1560 nt
545 1503 591 1573 iis,
606 1502 655 1577 qui
676 1502 804 1574 audiunt,
819 1513 880 1559 tum
893 1502 957 1577 geri

173 1598 222 1655 illa
233 1599 350 1672 fierique
362 1598 517 1657 videantur.
559 1597 593 1655 In
608 1617 638 1655 re
651 1608 695 1655 est
709 1598 776 1655 item
791 1598 955 1667 ridiculum,

173 1694 247 1767 quod
262 1712 297 1751 ex
311 1694 432 1769 quadam
448 1694 601 1770 depravatai
611 1693 769 1750 imitatione
783 1693 857 1751 sumi
871 1694 954 1764 solet,

127 1801 157 1850 15
172 1801 203 1848 ut
227 1791 302 1848 idem
326 1791 458 1861 Crassus,
483 1797 561 1866 “per
585 1799 663 1848 tuam
689 1791 878 1862 nobilitatem,
902 1809 954 1866 per

170 1897 292 1944 vestram
321 1887 484 1944 familiam.'’
535 1886 617 1947 Quid
645 1886 722 1946 aliud
749 1887 812 1965 fuit,
840 1886 869 1942 in
896 1904 955 1961 quo

170 1984 273 2042 concio
294 1983 408 2054 rideret,
423 1983 479 2040 nisi
500 1982 549 2040 illa
564 1981 657 2040 vultus
671 1992 698 2039 et
712 1983 790 2040 vocis
811 1982 953 2040 imitatiol

170 2079 254 2139 “Per
274 2090 344 2138 tuas.
358 2081 488 2138 statuas'’
509 2098 576 2137 vero
600 2097 666 2137 cum
686 2079 767 2149 dixit,
788 2089 817 2134 et
837 2088 952 2135 extento

170 2174 288 2234 brachio
307 2175 452 2252 paululum
474 2174 560 2232 etiam
581 2174 616 2232 de
635 2184 718 2252 gestu
737 2175 856 2244 addidit,
871 2173 953 2230 vehe-

123 2271 155 2321 20
170 2272 293 2330 mentius
313 2271 435 2330 risimus
475 2269 520 2328 Ex
543 2269 600 2327 hoc
619 2288 725 2348 genere
745 2280 788 2326 est
809 2269 857 2326 illa
876 2268 952 2325 Ros·

169 2367 255 2430 ciana
273 2367 395 2426 imitatio
415 2365 508 2424 senis:
534 2365 632 2423 “Tibi
651 2385 717 2445 ego,
738 2365 878 2442 Antipho,
900 2365 950 2424 has

168 2464 260 2534 sero‚'’
282 2462 390 2537 inquit:
415 2461 526 2520 senium
550 2471 603 2540 est,
625 2479 690 2520 cum
718 2460 812 2519 audio.
856 2461 949 2535 Atque

168 2559 209 2616 ita
233 2569 276 2615 est
301 2568 393 2616 totum
419 2558 474 2615 hoc
500 2557 563 2633 ipso
592 2576 698 2635 genere
728 2556 892 2626 ridiculum,
919 2569 949 2613 ut

167 2653 332 2714 cautissime
352 2653 532 2712 tractandum
552 2653 597 2712 sit.
638 2652 794 2710 Mimorum
815 2662 858 2709 est
872 2651 948 2710 enim

121 2759 153 2810 25
167 2751 374 2828 ethologorum,
398 2743 426 2808 ¹si
451 2750 542 2809 nimia
566 2760 611 2807 est
639 2749 771 2819 imitatio,
798 2749 873 2806 sicut
899 2747 947 2804 ob-

166 2847 308 2906 scoenitas.
348 2847 454 2905 Orator
474 2847 607 2923 surripiat
624 2856 736 2921 oportet
750 2844 946 2914 imitationem,

165 2953 198 3000 ut
217 2943 251 3016 is,
272 2943 321 3019 qui
349 2944 454 3016 audiat,
479 2944 587 3021 cogitet
612 2943 703 3019 plura,
724 2959 809 3015 quam
837 2940 944 2997 videat:

164 3049 278 3118 prestet
304 3039 380 3100 idem
406 3040 614 3120 ingenuitatem
639 3050 669 3098 et
694 3026 826 3106 ruborem
853 3055 944 3109 suum,
