<?xml version="1.0" encoding="UTF-8"?>
<!DOCTYPE html PUBLIC "-//W3C//DTD XHTML 1.0 Transitional//EN"
    "http://www.w3.org/TR/xhtml1/DTD/xhtml1-transitional.dtd">
<html xmlns="http://www.w3.org/1999/xhtml" xml:lang="en" lang="en">
 <head>
  <title>
</title>
<meta http-equiv="Content-Type" content="text/html;charset=utf-8" />
  <meta name='ocr-system' content='tesseract 3.04.00' />
  <meta name='ocr-capabilities' content='ocr_page ocr_carea ocr_par ocr_line ocrx_word'/>
</head>
<body>
  <div class='ocr_page' id='page_1' title='image "./mtciceronisadqu02dillgoog_0041.png"; bbox 0 0 2184 3575; ppageno 0'>
   <div class='ocr_carea' id='block_1_1' title="bbox 114 354 626 417">
    <p class='ocr_par' dir='ltr' id='par_1_1' title="bbox 114 354 626 417">
     <span class='ocr_line' id='line_1_1' title="bbox 114 354 626 417; baseline -0.008 -13"><span class='ocrx_word' id='word_1_1' title='bbox 114 356 196 417; x_wconf 78' lang='lat' dir='ltr'>nn]</span> <span class='ocrx_word' id='word_1_2' title='bbox 397 354 440 401; x_wconf 87' lang='lat' dir='ltr'>nn</span> <span class='ocrx_word' id='word_1_3' title='bbox 462 354 626 401; x_wconf 80' lang='lat' dir='ltr'>omnonn</span> 
     </span>
    </p>
   </div>
   <div class='ocr_carea' id='block_1_2' title="bbox 113 501 948 1828">
    <p class='ocr_par' dir='ltr' id='par_1_2' title="bbox 113 501 948 1828">
     <span class='ocr_line' id='line_1_2' title="bbox 115 501 902 578; baseline -0.005 -15"><span class='ocrx_word' id='word_1_4' title='bbox 115 506 194 564; x_wconf 87' lang='lat' dir='ltr'>enim</span> <span class='ocrx_word' id='word_1_5' title='bbox 215 505 332 563; x_wconf 90' lang='lat' dir='ltr'>minime</span> <span class='ocrx_word' id='word_1_6' title='bbox 352 515 395 578; x_wconf 79' lang='lat' dir='ltr'>est</span> <span class='ocrx_word' id='word_1_7' title='bbox 414 504 549 563; x_wconf 89' lang='lat' dir='ltr'>liberale:</span> <span class='ocrx_word' id='word_1_8' title='bbox 576 502 702 574; x_wconf 79' lang='lat' dir='ltr'>tertium,</span> <span class='ocrx_word' id='word_1_9' title='bbox 723 501 783 559; x_wconf 80' lang='lat' dir='ltr'>oris</span> <span class='ocrx_word' id='word_1_10' title='bbox 804 502 902 577; x_wconf 78' lang='lat' dir='ltr'>depra-</span> 
     </span>
     <span class='ocr_line' id='line_1_3' title="bbox 116 598 901 677; baseline -0.001 -19"><span class='ocrx_word' id='word_1_11' title='bbox 116 602 204 673; x_wconf 80' lang='lat' dir='ltr'>vatio,</span> <span class='ocrx_word' id='word_1_12' title='bbox 225 621 280 675; x_wconf 87' lang='lat' dir='ltr'>non</span> <span class='ocrx_word' id='word_1_13' title='bbox 307 602 396 677; x_wconf 82' lang='lat' dir='ltr'>digna</span> <span class='ocrx_word' id='word_1_14' title='bbox 410 602 522 659; x_wconf 81' lang='lat' dir='ltr'>nohis:</span> <span class='ocrx_word' id='word_1_15' title='bbox 549 610 692 676; x_wconf 87' lang='lat' dir='ltr'>quartum,</span> <span class='ocrx_word' id='word_1_16' title='bbox 720 598 901 670; x_wconf 70' lang='lat' dir='ltr'>obscenitas,</span> 
     </span>
     <span class='ocr_line' id='line_1_4' title="bbox 117 694 902 773; baseline -0.003 -20"><span class='ocrx_word' id='word_1_17' title='bbox 117 716 177 754; x_wconf 86' lang='lat' dir='ltr'>nnn</span> <span class='ocrx_word' id='word_1_18' title='bbox 204 698 294 754; x_wconf 86' lang='lat' dir='ltr'>solum</span> <span class='ocrx_word' id='word_1_19' title='bbox 321 716 380 755; x_wconf 92' lang='lat' dir='ltr'>non</span> <span class='ocrx_word' id='word_1_20' title='bbox 408 697 469 753; x_wconf 89' lang='lat' dir='ltr'>foro</span> <span class='ocrx_word' id='word_1_21' title='bbox 495 697 594 773; x_wconf 80' lang='lat' dir='ltr'>digna,</span> <span class='ocrx_word' id='word_1_22' title='bbox 622 696 672 753; x_wconf 81' lang='lat' dir='ltr'>sed</span> <span class='ocrx_word' id='word_1_23' title='bbox 699 695 746 751; x_wconf 83' lang='lat' dir='ltr'>rix</span> <span class='ocrx_word' id='word_1_24' title='bbox 771 694 902 752; x_wconf 85' lang='lat' dir='ltr'>convivio</span> 
     </span>
     <span class='ocr_line' id='line_1_5' title="bbox 117 790 902 869; baseline -0.003 -20"><span class='ocrx_word' id='word_1_25' title='bbox 117 793 278 851; x_wconf 88' lang='lat' dir='ltr'>liberorum.</span> <span class='ocrx_word' id='word_1_26' title='bbox 333 793 479 850; x_wconf 79' lang='lat' dir='ltr'>Detractis</span> <span class='ocrx_word' id='word_1_27' title='bbox 503 793 589 869; x_wconf 87' lang='lat' dir='ltr'>igitur</span> <span class='ocrx_word' id='word_1_28' title='bbox 610 801 652 849; x_wconf 88' lang='lat' dir='ltr'>tot</span> <span class='ocrx_word' id='word_1_29' title='bbox 672 792 758 849; x_wconf 82' lang='lat' dir='ltr'>rebus</span> <span class='ocrx_word' id='word_1_30' title='bbox 784 809 820 848; x_wconf 85' lang='lat' dir='ltr'>ex</span> <span class='ocrx_word' id='word_1_31' title='bbox 845 790 902 847; x_wconf 88' lang='lat' dir='ltr'>hoc</span> 
     </span>
     <span class='ocr_line' id='line_1_6' title="bbox 116 887 932 963; baseline -0.004 -18"><span class='ocrx_word' id='word_1_32' title='bbox 116 890 239 947; x_wconf 83' lang='lat' dir='ltr'>oratorio</span> <span class='ocrx_word' id='word_1_33' title='bbox 259 890 336 960; x_wconf 92' lang='lat' dir='ltr'>loco,</span> <span class='ocrx_word' id='word_1_34' title='bbox 358 889 469 947; x_wconf 82' lang='lat' dir='ltr'>sneetiae</span> <span class='ocrx_word' id='word_1_35' title='bbox 489 889 604 963; x_wconf 77' lang='lat' dir='ltr'>relique</span> <span class='ocrx_word' id='word_1_36' title='bbox 625 899 701 959; x_wconf 85' lang='lat' dir='ltr'>sunt,</span> <span class='ocrx_word' id='word_1_37' title='bbox 721 906 783 962; x_wconf 78' lang='lat' dir='ltr'>que</span> <span class='ocrx_word' id='word_1_38' title='bbox 804 896 853 945; x_wconf 82' lang='lat' dir='ltr'>out</span> <span class='ocrx_word' id='word_1_39' title='bbox 871 887 932 943; x_wconf 73' lang='lat' dir='ltr'>ino</span> 
     </span>
     <span class='ocr_line' id='line_1_7' title="bbox 113 978 902 1064; baseline -0.004 -20"><span class='ocrx_word' id='word_1_40' title='bbox 113 1004 147 1044; x_wconf 87' lang='lat' dir='ltr'>re</span> <span class='ocrx_word' id='word_1_41' title='bbox 169 985 214 1061; x_wconf 90' lang='lat' dir='ltr'>(ut</span> <span class='ocrx_word' id='word_1_42' title='bbox 235 995 301 1043; x_wconf 89' lang='lat' dir='ltr'>ante</span> <span class='ocrx_word' id='word_1_43' title='bbox 321 985 423 1064; x_wconf 65' lang='lat' dir='ltr'>divisi),</span> <span class='ocrx_word' id='word_1_44' title='bbox 439 984 539 1059; x_wconf 78' lang='lat' dir='ltr'>posite</span> <span class='ocrx_word' id='word_1_45' title='bbox 560 984 691 1041; x_wconf 87' lang='lat' dir='ltr'>videntur</span> <span class='ocrx_word' id='word_1_46' title='bbox 713 978 789 1056; x_wconf 72' lang='lat' dir='ltr'>esee,</span> <span class='ocrx_word' id='word_1_47' title='bbox 803 993 853 1041; x_wconf 85' lang='lat' dir='ltr'>aut</span> <span class='ocrx_word' id='word_1_48' title='bbox 871 982 902 1041; x_wconf 87' lang='lat' dir='ltr'>in</span> 
     </span>
     <span class='ocr_line' id='line_1_8' title="bbox 115 1078 902 1156; baseline 0 -19"><span class='ocrx_word' id='word_1_49' title='bbox 115 1082 212 1139; x_wconf 87' lang='lat' dir='ltr'>verbo.</span> <span class='ocrx_word' id='word_1_50' title='bbox 258 1080 336 1139; x_wconf 86' lang='lat' dir='ltr'>Nam</span> <span class='ocrx_word' id='word_1_51' title='bbox 358 1082 443 1156; x_wconf 90' lang='lat' dir='ltr'>quod,</span> <span class='ocrx_word' id='word_1_52' title='bbox 465 1080 693 1155; x_wconf 79' lang='lat' dir='ltr'>quibuscumque</span> <span class='ocrx_word' id='word_1_53' title='bbox 713 1078 806 1137; x_wconf 81' lang='lat' dir='ltr'>verbis</span> <span class='ocrx_word' id='word_1_54' title='bbox 826 1079 902 1137; x_wconf 77' lang='lat' dir='ltr'>dine·</span> 
     </span>
     <span class='ocr_line' id='line_1_9' title="bbox 115 1175 901 1251; baseline -0.003 -16"><span class='ocrx_word' id='word_1_55' title='bbox 115 1177 165 1248; x_wconf 82' lang='lat' dir='ltr'>ris,</span> <span class='ocrx_word' id='word_1_56' title='bbox 194 1178 318 1237; x_wconf 87' lang='lat' dir='ltr'>facetum</span> <span class='ocrx_word' id='word_1_57' title='bbox 352 1188 448 1235; x_wconf 86' lang='lat' dir='ltr'>tamen</span> <span class='ocrx_word' id='word_1_58' title='bbox 477 1189 529 1248; x_wconf 83' lang='lat' dir='ltr'>est,</span> <span class='ocrx_word' id='word_1_59' title='bbox 557 1195 589 1233; x_wconf 90' lang='lat' dir='ltr'>re</span> <span class='ocrx_word' id='word_1_60' title='bbox 615 1176 794 1234; x_wconf 83' lang='lat' dir='ltr'>continetur:</span> <span class='ocrx_word' id='word_1_61' title='bbox 827 1175 901 1251; x_wconf 86' lang='lat' dir='ltr'>quod</span> 
     </span>
     <span class='ocr_line' id='line_1_10' title="bbox 115 1272 903 1344; baseline 0 -13"><span class='ocrx_word' id='word_1_62' title='bbox 115 1274 234 1331; x_wconf 86' lang='lat' dir='ltr'>mutatis</span> <span class='ocrx_word' id='word_1_63' title='bbox 260 1274 355 1331; x_wconf 85' lang='lat' dir='ltr'>verbis</span> <span class='ocrx_word' id='word_1_64' title='bbox 381 1274 469 1331; x_wconf 74' lang='lat' dir='ltr'>nalem</span> <span class='ocrx_word' id='word_1_65' title='bbox 501 1273 615 1344; x_wconf 86' lang='lat' dir='ltr'>amittit,</span> <span class='ocrx_word' id='word_1_66' title='bbox 641 1272 672 1329; x_wconf 91' lang='lat' dir='ltr'>in</span> <span class='ocrx_word' id='word_1_67' title='bbox 698 1272 792 1330; x_wconf 81' lang='lat' dir='ltr'>verbis</span> <span class='ocrx_word' id='word_1_68' title='bbox 817 1272 903 1331; x_wconf 85' lang='lat' dir='ltr'>habet</span> 
     </span>
     <span class='ocr_line' id='line_1_11' title="bbox 116 1368 948 1443; baseline 0.004 -18"><span class='ocrx_word' id='word_1_69' title='bbox 116 1368 243 1443; x_wconf 90' lang='lat' dir='ltr'>leporem</span> <span class='ocrx_word' id='word_1_70' title='bbox 258 1386 381 1425; x_wconf 92' lang='lat' dir='ltr'>omnem.</span> <span class='ocrx_word' id='word_1_71' title='bbox 917 1379 948 1429; x_wconf 81' lang='lat' dir='ltr'>lo</span> 
     </span>
     <span class='ocr_line' id='line_1_12' title="bbox 158 1462 903 1539; baseline 0.003 -20"><span class='ocrx_word' id='word_1_72' title='bbox 158 1463 305 1539; x_wconf 87' lang='lat' dir='ltr'>Ambigua</span> <span class='ocrx_word' id='word_1_73' title='bbox 325 1472 390 1521; x_wconf 86' lang='lat' dir='ltr'>sunt</span> <span class='ocrx_word' id='word_1_74' title='bbox 405 1462 553 1538; x_wconf 82' lang='lat' dir='ltr'>inprimis·</span> <span class='ocrx_word' id='word_1_75' title='bbox 568 1472 662 1534; x_wconf 84' lang='lat' dir='ltr'>acuta,</span> <span class='ocrx_word' id='word_1_76' title='bbox 677 1472 760 1538; x_wconf 85' lang='lat' dir='ltr'>atque</span> <span class='ocrx_word' id='word_1_77' title='bbox 774 1462 803 1520; x_wconf 91' lang='lat' dir='ltr'>in</span> <span class='ocrx_word' id='word_1_78' title='bbox 817 1465 903 1521; x_wconf 85' lang='lat' dir='ltr'>verbo</span> 
     </span>
     <span class='ocr_line' id='line_1_13' title="bbox 116 1559 903 1636; baseline 0.005 -21"><span class='ocrx_word' id='word_1_79' title='bbox 116 1559 220 1635; x_wconf 83' lang='lat' dir='ltr'>posita,</span> <span class='ocrx_word' id='word_1_80' title='bbox 234 1578 291 1617; x_wconf 90' lang='lat' dir='ltr'>non</span> <span class='ocrx_word' id='word_1_81' title='bbox 306 1559 336 1617; x_wconf 87' lang='lat' dir='ltr'>in</span> <span class='ocrx_word' id='word_1_82' title='bbox 350 1578 398 1617; x_wconf 89' lang='lat' dir='ltr'>re:</span> <span class='ocrx_word' id='word_1_83' title='bbox 420 1560 470 1635; x_wconf 82' lang='lat' dir='ltr'>sed</span> <span class='ocrx_word' id='word_1_84' title='bbox 491 1578 549 1617; x_wconf 91' lang='lat' dir='ltr'>non</span> <span class='ocrx_word' id='word_1_85' title='bbox 571 1578 647 1635; x_wconf 80' lang='lat' dir='ltr'>saepe</span> <span class='ocrx_word' id='word_1_86' title='bbox 666 1578 801 1636; x_wconf 83' lang='lat' dir='ltr'>magnum</span> <span class='ocrx_word' id='word_1_87' title='bbox 815 1560 903 1619; x_wconf 87' lang='lat' dir='ltr'>risum</span> 
     </span>
     <span class='ocr_line' id='line_1_14' title="bbox 116 1655 904 1733; baseline 0.004 -21"><span class='ocrx_word' id='word_1_88' title='bbox 116 1666 250 1713; x_wconf 82' lang='lat' dir='ltr'>movent:</span> <span class='ocrx_word' id='word_1_89' title='bbox 269 1656 361 1733; x_wconf 87' lang='lat' dir='ltr'>magis</span> <span class='ocrx_word' id='word_1_90' title='bbox 380 1667 412 1729; x_wconf 88' lang='lat' dir='ltr'>nt</span> <span class='ocrx_word' id='word_1_91' title='bbox 432 1655 506 1713; x_wconf 89' lang='lat' dir='ltr'>belle</span> <span class='ocrx_word' id='word_1_92' title='bbox 520 1667 550 1717; x_wconf 85' lang='lat' dir='ltr'>et</span> <span class='ocrx_word' id='word_1_93' title='bbox 563 1656 676 1714; x_wconf 78' lang='lat' dir='ltr'>literato</span> <span class='ocrx_word' id='word_1_94' title='bbox 695 1656 774 1715; x_wconf 86' lang='lat' dir='ltr'>dicta</span> <span class='ocrx_word' id='word_1_95' title='bbox 786 1657 904 1715; x_wconf 84' lang='lat' dir='ltr'>laudan·</span> 
     </span>
     <span class='ocr_line' id='line_1_15' title="bbox 117 1738 903 1828; baseline 0.003 -18"><span class='ocrx_word' id='word_1_96' title='bbox 117 1760 179 1810; x_wconf 76' lang='lat' dir='ltr'>tur:</span> <span class='ocrx_word' id='word_1_97' title='bbox 209 1762 239 1810; x_wconf 78' lang='lat' dir='ltr'>ut</span> <span class='ocrx_word' id='word_1_98' title='bbox 262 1752 292 1811; x_wconf 80' lang='lat' dir='ltr'>rn</span> <span class='ocrx_word' id='word_1_99' title='bbox 316 1752 394 1810; x_wconf 81' lang='lat' dir='ltr'>uum</span> <span class='ocrx_word' id='word_1_100' title='bbox 419 1752 541 1824; x_wconf 79' lang='lat' dir='ltr'>Titium,</span> <span class='ocrx_word' id='word_1_101' title='bbox 567 1771 662 1828; x_wconf 70' lang='lat' dir='ltr'>quem,</span> <span class='ocrx_word' id='word_1_102' title='bbox 685 1771 752 1811; x_wconf 70' lang='lat' dir='ltr'>eum</span> <span class='ocrx_word' id='word_1_103' title='bbox 775 1738 903 1812; x_wconf 66' lang='lat' dir='ltr'>aaaron</span> 
     </span>
    </p>
   </div>
   <div class='ocr_carea' id='block_1_3' title="bbox 116 1848 949 2308">
    <p class='ocr_par' dir='ltr' id='par_1_3' title="bbox 116 1848 949 2308">
     <span class='ocr_line' id='line_1_16' title="bbox 116 1848 949 1928; baseline 0.004 -23"><span class='ocrx_word' id='word_1_104' title='bbox 116 1849 175 1924; x_wconf 76' lang='lat' dir='ltr'>pilli</span> <span class='ocrx_word' id='word_1_105' title='bbox 196 1848 316 1921; x_wconf 84' lang='lat' dir='ltr'>luderet,</span> <span class='ocrx_word' id='word_1_106' title='bbox 331 1859 360 1906; x_wconf 92' lang='lat' dir='ltr'>et</span> <span class='ocrx_word' id='word_1_107' title='bbox 373 1849 449 1906; x_wconf 90' lang='lat' dir='ltr'>idem</span> <span class='ocrx_word' id='word_1_108' title='bbox 470 1869 554 1926; x_wconf 77' lang='lat' dir='ltr'>mgna</span> <span class='ocrx_word' id='word_1_109' title='bbox 573 1869 656 1909; x_wconf 74' lang='lat' dir='ltr'>sacra</span> <span class='ocrx_word' id='word_1_110' title='bbox 667 1860 757 1908; x_wconf 89' lang='lat' dir='ltr'>noctu</span> <span class='ocrx_word' id='word_1_111' title='bbox 771 1851 903 1928; x_wconf 79' lang='lat' dir='ltr'>frangere</span> <span class='ocrx_word' id='word_1_112' title='bbox 918 1859 949 1908; x_wconf 82' lang='lat'>15</span> 
     </span>
     <span class='ocr_line' id='line_1_17' title="bbox 117 1945 903 2022; baseline 0.003 -21"><span class='ocrx_word' id='word_1_113' title='bbox 117 1954 274 2020; x_wconf 81' lang='lat' dir='ltr'>putaretur,</span> <span class='ocrx_word' id='word_1_114' title='bbox 302 1945 498 2022; x_wconf 78' lang='lat' dir='ltr'>gregalesque,</span> <span class='ocrx_word' id='word_1_115' title='bbox 527 1965 593 2005; x_wconf 87' lang='lat' dir='ltr'>curn</span> <span class='ocrx_word' id='word_1_116' title='bbox 621 1946 651 2004; x_wconf 91' lang='lat' dir='ltr'>in</span> <span class='ocrx_word' id='word_1_117' title='bbox 678 1965 811 2021; x_wconf 78' lang='lat' dir='ltr'>campum</span> <span class='ocrx_word' id='word_1_118' title='bbox 843 1964 903 2004; x_wconf 92' lang='lat' dir='ltr'>nou</span> 
     </span>
     <span class='ocr_line' id='line_1_18' title="bbox 117 2039 903 2117; baseline 0.005 -23"><span class='ocrx_word' id='word_1_119' title='bbox 117 2039 252 2112; x_wconf 82' lang='lat' dir='ltr'>venisset,</span> <span class='ocrx_word' id='word_1_120' title='bbox 266 2041 453 2115; x_wconf 84' lang='lat' dir='ltr'>requirerent,</span> <span class='ocrx_word' id='word_1_121' title='bbox 467 2042 614 2099; x_wconf 80' lang='lat' dir='ltr'>excusavit</span> <span class='ocrx_word' id='word_1_122' title='bbox 627 2043 725 2117; x_wconf 78' lang='lat' dir='ltr'>Vespa</span> <span class='ocrx_word' id='word_1_123' title='bbox 737 2041 903 2112; x_wconf 74' lang='lat' dir='ltr'>Terentius,</span> 
     </span>
     <span class='ocr_line' id='line_1_19' title="bbox 119 2135 903 2214; baseline 0.001 -23"><span class='ocrx_word' id='word_1_124' title='bbox 119 2136 194 2208; x_wconf 91' lang='lat' dir='ltr'>quod</span> <span class='ocrx_word' id='word_1_125' title='bbox 209 2153 275 2192; x_wconf 89' lang='lat' dir='ltr'>eum</span> <span class='ocrx_word' id='word_1_126' title='bbox 290 2143 308 2168; x_wconf 90' lang='lat'><strong>“</strong></span> <span class='ocrx_word' id='word_1_127' title='bbox 319 2137 467 2194; x_wconf 83' lang='lat' dir='ltr'>brachium</span> <span class='ocrx_word' id='word_1_128' title='bbox 483 2137 626 2214; x_wconf 82' lang='lat' dir='ltr'>fregisse&#39;&#39;</span> <span class='ocrx_word' id='word_1_129' title='bbox 641 2136 767 2196; x_wconf 87' lang='lat' dir='ltr'>diceret:</span> <span class='ocrx_word' id='word_1_130' title='bbox 787 2145 821 2194; x_wconf 92' lang='lat' dir='ltr'>ut</span> <span class='ocrx_word' id='word_1_131' title='bbox 833 2135 903 2194; x_wconf 89' lang='lat' dir='ltr'>illud</span> 
     </span>
     <span class='ocr_line' id='line_1_20' title="bbox 118 2230 687 2308; baseline 0 -20"><span class='ocrx_word' id='word_1_132' title='bbox 118 2230 261 2303; x_wconf 80' lang='lat' dir='ltr'>Africani,</span> <span class='ocrx_word' id='word_1_133' title='bbox 276 2231 350 2308; x_wconf 93' lang='lat' dir='ltr'>quod</span> <span class='ocrx_word' id='word_1_134' title='bbox 364 2241 408 2289; x_wconf 81' lang='lat' dir='ltr'>ert</span> <span class='ocrx_word' id='word_1_135' title='bbox 419 2233 496 2307; x_wconf 61' lang='lat' dir='ltr'>‘apud</span> <span class='ocrx_word' id='word_1_136' title='bbox 511 2231 656 2291; x_wconf 82' lang='lat' dir='ltr'>Lucilium</span> <span class='ocrx_word' id='word_1_137' title='bbox 666 2253 687 2290; x_wconf 77' lang='grc' dir='ltr'>ι.</span> 
     </span>
    </p>
   </div>
   <div class='ocr_carea' id='block_1_4' title="bbox 150 2389 948 2534">
    <p class='ocr_par' dir='ltr' id='par_1_4' title="bbox 150 2389 948 2534">
     <span class='ocr_line' id='line_1_21' title="bbox 150 2389 948 2455; baseline 0.02 -19"><span class='ocrx_word' id='word_1_138' title='bbox 150 2394 166 2422; x_wconf 79' lang='grc'>“</span> <span class='ocrx_word' id='word_1_139' title='bbox 176 2390 261 2449; x_wconf 79' lang='lat' dir='ltr'>Quid?</span> <span class='ocrx_word' id='word_1_140' title='bbox 294 2390 398 2454; x_wconf 74' lang='lat' dir='ltr'>Decius,</span> <span class='ocrx_word' id='word_1_141' title='bbox 414 2389 540 2440; x_wconf 73' lang='lat' dir='ltr'>Nuculam</span> <span class='ocrx_word' id='word_1_142' title='bbox 558 2407 591 2440; x_wconf 72' lang='lat' dir='ltr'>tn</span> <span class='ocrx_word' id='word_1_143' title='bbox 609 2391 737 2442; x_wconf 83' lang='lat' dir='ltr'>confixum</span> <span class='ocrx_word' id='word_1_144' title='bbox 752 2393 791 2442; x_wconf 73' lang='lat' dir='ltr'>via</span> <span class='ocrx_word' id='word_1_145' title='bbox 805 2391 903 2455; x_wconf 61' lang='lat' dir='ltr'>locere?</span> <span class='ocrx_word' id='word_1_146' title='bbox 916 2401 948 2452; x_wconf 60' lang='lat'>2]</span> 
     </span>
     <span class='ocr_line' id='line_1_22' title="bbox 266 2471 371 2534; baseline 0 -15"><span class='ocrx_word' id='word_1_147' title='bbox 266 2471 371 2534; x_wconf 85' lang='lat' dir='ltr'>inquit.”</span> 
     </span>
    </p>
   </div>
   <div class='ocr_carea' id='block_1_5' title="bbox 117 2615 948 3177">
    <p class='ocr_par' dir='ltr' id='par_1_5' title="bbox 117 2615 948 3177">
     <span class='ocr_line' id='line_1_23' title="bbox 117 2615 903 2690; baseline 0.001 -15"><span class='ocrx_word' id='word_1_148' title='bbox 117 2615 158 2675; x_wconf 87' lang='lat' dir='ltr'>Ut</span> <span class='ocrx_word' id='word_1_149' title='bbox 184 2629 249 2675; x_wconf 82' lang='lat' dir='ltr'>tuus</span> <span class='ocrx_word' id='word_1_150' title='bbox 277 2616 396 2689; x_wconf 82' lang='lat' dir='ltr'>amiens,</span> <span class='ocrx_word' id='word_1_151' title='bbox 423 2616 537 2689; x_wconf 80' lang='lat' dir='ltr'>Crasse,</span> <span class='ocrx_word' id='word_1_152' title='bbox 565 2616 700 2690; x_wconf 80' lang='lat' dir='ltr'>Granius,</span> <span class='ocrx_word' id='word_1_153' title='bbox 729 2622 814 2674; x_wconf 88' lang='lat' dir='ltr'>“nou</span> <span class='ocrx_word' id='word_1_154' title='bbox 840 2635 903 2676; x_wconf 78' lang='lat' dir='ltr'>eene</span> 
     </span>
     <span class='ocr_line' id='line_1_24' title="bbox 118 2710 902 2786; baseline 0 -16"><span class='ocrx_word' id='word_1_155' title='bbox 118 2711 282 2770; x_wconf 79' lang='lat' dir='ltr'>sextantis.”</span> <span class='ocrx_word' id='word_1_156' title='bbox 325 2711 372 2784; x_wconf 90' lang='lat' dir='ltr'>Et,</span> <span class='ocrx_word' id='word_1_157' title='bbox 399 2711 424 2768; x_wconf 83' lang='lat' dir='ltr'>si</span> <span class='ocrx_word' id='word_1_158' title='bbox 452 2711 587 2786; x_wconf 74' lang='lat' dir='ltr'>queritis,</span> <span class='ocrx_word' id='word_1_159' title='bbox 615 2711 649 2783; x_wconf 80' lang='lat' dir='ltr'>ic,</span> <span class='ocrx_word' id='word_1_160' title='bbox 674 2710 723 2786; x_wconf 90' lang='lat' dir='ltr'>qui</span> <span class='ocrx_word' id='word_1_161' title='bbox 747 2711 902 2786; x_wconf 79' lang='lat' dir='ltr'>appellatur</span> 
     </span>
     <span class='ocr_line' id='line_1_25' title="bbox 119 2807 903 2884; baseline -0.001 -18"><span class='ocrx_word' id='word_1_162' title='bbox 119 2809 213 2880; x_wconf 79' lang='lat' dir='ltr'>dicax,</span> <span class='ocrx_word' id='word_1_163' title='bbox 235 2808 292 2866; x_wconf 91' lang='lat' dir='ltr'>hoc</span> <span class='ocrx_word' id='word_1_164' title='bbox 313 2827 419 2884; x_wconf 86' lang='lat' dir='ltr'>genere</span> <span class='ocrx_word' id='word_1_165' title='bbox 442 2809 565 2866; x_wconf 79' lang='lat' dir='ltr'>maxime</span> <span class='ocrx_word' id='word_1_166' title='bbox 589 2807 727 2866; x_wconf 83' lang='lat' dir='ltr'>excellet:</span> <span class='ocrx_word' id='word_1_167' title='bbox 756 2807 806 2866; x_wconf 78' lang='lat' dir='ltr'>sed</span> <span class='ocrx_word' id='word_1_168' title='bbox 828 2807 903 2866; x_wconf 74' lang='lat' dir='ltr'>rinus</span> 
     </span>
     <span class='ocr_line' id='line_1_26' title="bbox 118 2904 903 2982; baseline 0.005 -22"><span class='ocrx_word' id='word_1_169' title='bbox 118 2914 232 2965; x_wconf 87' lang='lat' dir='ltr'>movent</span> <span class='ocrx_word' id='word_1_170' title='bbox 253 2905 308 2962; x_wconf 84' lang='lat' dir='ltr'>alia</span> <span class='ocrx_word' id='word_1_171' title='bbox 327 2904 456 2980; x_wconf 83' lang='lat' dir='ltr'>majores.</span> <span class='ocrx_word' id='word_1_172' title='bbox 505 2904 683 2982; x_wconf 89' lang='lat' dir='ltr'>Ambiguum</span> <span class='ocrx_word' id='word_1_173' title='bbox 702 2905 903 2980; x_wconf 75' lang='lat' dir='ltr'>perseipsum</span> 
     </span>
     <span class='ocr_line' id='line_1_27' title="bbox 117 3000 948 3078; baseline -0.002 -22"><span class='ocrx_word' id='word_1_174' title='bbox 117 3001 253 3078; x_wconf 86' lang='lat' dir='ltr'>probatur</span> <span class='ocrx_word' id='word_1_175' title='bbox 274 3001 303 3058; x_wconf 90' lang='lat' dir='ltr'>id</span> <span class='ocrx_word' id='word_1_176' title='bbox 324 3001 450 3077; x_wconf 88' lang='lat' dir='ltr'>quidem,</span> <span class='ocrx_word' id='word_1_177' title='bbox 471 3009 503 3060; x_wconf 87' lang='lat' dir='ltr'>ut</span> <span class='ocrx_word' id='word_1_178' title='bbox 522 3011 590 3060; x_wconf 84' lang='lat' dir='ltr'>ante</span> <span class='ocrx_word' id='word_1_179' title='bbox 609 3001 679 3073; x_wconf 84' lang='lat' dir='ltr'>dixi,</span> <span class='ocrx_word' id='word_1_180' title='bbox 698 3000 742 3058; x_wconf 83' lang='lat' dir='ltr'>rel</span> <span class='ocrx_word' id='word_1_181' title='bbox 763 3000 901 3062; x_wconf 76' lang='lat' dir='ltr'>maxine:</span> <span class='ocrx_word' id='word_1_182' title='bbox 915 3004 948 3054; x_wconf 58' lang='lat' dir='ltr'><em>z</em></span> 
     </span>
     <span class='ocr_line' id='line_1_28' title="bbox 119 3096 925 3177; baseline 0 -22"><span class='ocrx_word' id='word_1_183' title='bbox 119 3096 263 3176; x_wconf 74' lang='lat' dir='ltr'>ingeniosi</span> <span class='ocrx_word' id='word_1_184' title='bbox 282 3097 359 3158; x_wconf 88' lang='lat' dir='ltr'>enim</span> <span class='ocrx_word' id='word_1_185' title='bbox 372 3096 494 3171; x_wconf 83' lang='lat' dir='ltr'>videtur,</span> <span class='ocrx_word' id='word_1_186' title='bbox 509 3097 566 3157; x_wconf 79' lang='lat' dir='ltr'>rim</span> <span class='ocrx_word' id='word_1_187' title='bbox 579 3097 658 3158; x_wconf 83' lang='lat' dir='ltr'>verbi</span> <span class='ocrx_word' id='word_1_188' title='bbox 673 3097 703 3157; x_wconf 89' lang='lat' dir='ltr'>in</span> <span class='ocrx_word' id='word_1_189' title='bbox 717 3096 807 3170; x_wconf 84' lang='lat' dir='ltr'>aliud,</span> <span class='ocrx_word' id='word_1_190' title='bbox 819 3105 903 3172; x_wconf 76' lang='lat' dir='ltr'>atquo</span> <span class='ocrx_word' id='word_1_191' title='bbox 921 3166 925 3177; x_wconf 82' lang='lat'>‚</span> 
     </span>
    </p>
   </div>
   <div class='ocr_carea' id='block_1_6' title="bbox 0 0 1104 3575">
    <p class='ocr_par' dir='ltr' id='par_1_6' title="bbox 0 0 1104 3575">
     <span class='ocr_line' id='line_1_29' title="bbox 0 0 1104 3575; baseline 0 0"><span class='ocrx_word' id='word_1_192' title='bbox 0 0 1104 3575; x_wconf 95' lang='lat' dir='ltr'> </span> 
     </span>
    </p>
   </div>
  </div>
 </body>
</html>
