2184 3575
123 346 151 393 u.
162 347 204 406 ιι]
403 350 446 397 na
466 348 629 400 oratoru.
907 338 948 398 oe

123 495 253 553 ornatius
273 496 388 555 dicendi
407 516 500 575 genus
516 497 664 556 excitetur.
710 496 807 555 Habet
817 495 903 555 enim

124 592 277 650 multitudo
309 593 365 651 vim
398 595 538 669 quandam
572 595 668 666 talem,
702 604 744 665 ut,
771 593 904 670 quemad-

124 688 241 745 modum
268 689 375 748 tibicen
401 690 465 749 aine
489 690 568 748 tibiia
593 708 707 762 canere,
730 689 774 748 ric
798 700 903 761 orator,

125 783 187 841 sine
214 786 395 845 multitudine
427 786 570 858 audiente,
597 788 732 863 eloquens
756 804 820 845 ease
844 803 904 843 non

124 880 221 955 posuit.
270 880 308 939 Et
332 900 398 939 curn
421 882 479 940 sint
500 883 651 958 populares
674 882 755 941 multi
777 882 934 956 variique5

123 975 369 1053 lapsuasuvitanda
392 988 435 1035 est
458 978 627 1039 acclamatio
651 979 768 1037 adversa
789 978 904 1055 populi;

124 1092 187 1148 quae
211 1083 260 1131 aut
283 1074 420 1131 orationis
442 1085 563 1150 peccato
586 1075 680 1151 aliquo
705 1075 856 1147 excitatur,
879 1074 904 1133 ui

126 1187 235 1245 aspere,
255 1168 280 1227 ai
300 1181 473 1246 arroganter,
493 1170 670 1246 aiturpiter,
690 1172 715 1229 ai
734 1171 861 1240 sordide,
880 1170 906 1228 ai

125 1284 237 1341 quoquo
252 1265 339 1324 animi
353 1266 430 1337 vitio,
441 1265 551 1323 dictum
563 1285 627 1323 erae
640 1266 748 1341 aliquid
761 1266 903 1336 rideatur3

127 1370 177 1418 aut
200 1360 347 1417 hominum
370 1362 530 1425 ,offensione
557 1362 600 1419 rel
627 1361 748 1433 invidia,
768 1380 831 1435 que
857 1371 951 1429 antro

124 1455 202 1531 justa
222 1458 274 1526 est,
290 1466 337 1513 aut
358 1475 394 1515 ex
415 1456 613 1515 criminatione
634 1467 718 1531 atque
740 1456 830 1526 samin
858 1466 907 1515 aut

126 1570 172 1611 rea
193 1552 218 1609 ei
238 1552 385 1629 displicet;
408 1563 456 1611 aut
476 1554 499 1611 ai
521 1568 565 1610 eat
586 1553 616 1610 iu
637 1553 732 1627 aliquo
751 1561 831 1611 motu
848 1570 906 1611 anan

126 1648 291 1724 cupiditatis
318 1659 369 1707 aut
391 1648 484 1707 metris
505 1649 665 1707 multitudo.
706 1649 907 1726 Hiaqueqnt·

126 1754 191 1804 tuor
211 1746 305 1828 causis
324 1746 444 1806 totidem
463 1745 613 1805 medicina
627 1756 824 1823 opponuntur:
844 1755 907 1804 turn

126 1842 295 1920 objurgatio,
323 1843 348 1902 ai
373 1854 417 1901 eet
444 1843 614 1913 auctoritaa3
647 1853 709 1901 tum
739 1841 905 1913 admonitio,
920 1855 952 1906 ιε

126 1939 207 2013 quaai
227 1939 318 1997 lenior
337 1939 513 2016 objurgati03
534 1949 595 1996 turn
614 1938 776 2014 promissio,
789 1938 814 1995 ai
829 1937 908 1996 audi·

126 2035 210 2105 erint,
235 2035 418 2110 probaturos:
451 2044 512 2093 turn
545 2035 725 2110 deprecatio,
760 2034 836 2108 quod
863 2042 907 2092 eet

126 2130 265 2201 infimum,
287 2131 337 2187 aed
356 2149 558 2206 nonnunquam
578 2130 657 2188 utile.
700 2129 791 2186 Nuiio
811 2138 907 2186 autern

126 2225 192 2283 loco
212 2225 275 2301 plus
295 2225 404 2284 facetia
423 2237 551 2302 prosunt,
565 2236 594 2284 et
613 2225 754 2297 celeritas,
773 2235 802 2282 et
822 2225 907 2285 breve

129 2321 244 2395 aliquod
275 2320 394 2392 dictum,
421 2339 477 2378 nec
509 2320 571 2378 sina
603 2321 752 2397 dignitate,
779 2331 809 2379 et
840 2333 951 2385 eninm

126 2418 232 2493 lepore.
272 2416 354 2474 Nihil
369 2417 446 2474 euim
458 2427 517 2474 tam
531 2416 625 2488 facila,
639 2434 724 2491 quam
744 2416 906 2489 multitudo,

128 2513 288 2586 atrirtitid,
307 2523 335 2572 et
354 2531 428 2590 sepe
450 2514 484 2570 ab
506 2513 670 2584 acerbitate,
691 2513 851 2586 commode,
872 2531 907 2572 ac

127 2611 258 2682 breviter,
272 2620 301 2668 et
314 2621 408 2682 acute,
422 2621 451 2668 et
464 2609 554 2668 hilare
567 2609 646 2667 dicto
659 2608 817 2668 deducitur.

166 2799 334 2860 LXXXIV.
364 2801 491 2877 Exposui
515 2801 583 2872 sere,
604 2811 637 2859 ut
654 2800 745 2876 potui,
765 2801 856 2872 robis,
876 2801 906 2859 in

128 2908 248 2972 utroque
273 2914 378 2974 genere
405 2915 555 2956 causarum
581 2917 645 2972 qua
670 2897 760 2972 aequi.
776 2897 905 2970 aeleram,
919 2907 950 2961 25

128 3011 191 3069 qun
217 2993 408 3070 fugereque
435 3002 574 3068 spectare,
594 2993 707 3068 quaque
732 2993 851 3050 omnino
876 2993 907 3052 iu

128 3087 223 3148 cauria
242 3089 350 3148 ratione
367 3089 481 3154 versari.
521 3088 588 3147 Nec
601 3087 671 3147 illud
684 3089 800 3149 tertium
811 3088 908 3147 lauda·
