2184 3575
138 332 221 398 nn]
422 338 466 385 nn
487 338 650 385 onrronn.
931 328 969 386 ιδ

139 504 214 559 rum,
230 488 279 547 ebs
289 499 320 547 te
334 488 397 565 ipso
410 499 673 560 commemoratum,
687 485 847 545 doctrinam
861 503 925 544 esse

140 602 200 641 non
233 586 406 643 medioerem
439 596 517 661 puto.
572 584 673 659 Atqui,
700 584 725 640 si
750 583 792 641 ita
818 583 923 659 plaeet,

94 722 95 727 κ
141 679 232 755 inquit
252 680 407 751 Antonius,
420 680 565 738 trudemus
584 680 681 750 etism,
694 697 758 754 que
777 696 831 736 nos
844 678 923 753 sequi

123 773 170 833 'in
190 775 323 848 dicendo,
340 796 459 852 queque
478 776 603 833 maxime
621 784 761 850 spontem,
779 774 922 832 solemus:

137 871 237 930 doouit
257 872 333 929 enim
352 873 411 949 jam
431 890 485 929 nos
504 872 591 948 longe
606 871 666 929 vite
685 888 810 945 ususque
828 880 953 927 rerum5

138 969 335 1041 maximarum,
360 979 400 1041 ut,
425 968 528 1043 quibus
552 968 638 1025 rebus
661 966 750 1025 animi
775 966 924 1026 hominum

137 1075 329 1137 moverentur,
344 1075 514 1123 teneremus
606 1091 611 1099 ¹

178 1256 227 1314 LI.
258 1257 399 1332 Equidem
413 1258 537 1333 primum
558 1258 741 1315 considerare
756 1256 846 1329 soleo,
859 1274 924 1331 pos·

137 1352 248 1410 tuletne
267 1371 370 1409 eausa:
391 1371 457 1411 nem
477 1372 572 1433 neque
590 1353 684 1428 parvis
696 1353 726 1409 in
740 1354 825 1409 rebus
836 1352 924 1409 suhi-

139 1448 240 1506 bendae
255 1458 321 1507 sunt
335 1450 378 1507 hae
392 1449 508 1507 dicendi
529 1449 616 1520 feoes,
630 1466 724 1522 neque
737 1448 778 1505 ite
791 1448 923 1505 animetis
936 1460 967 1508 1⁰

139 1544 313 1616 hominibus,
334 1556 366 1603 ut
386 1546 457 1603 nihil
479 1546 514 1603 nd
535 1564 635 1603 eorum
658 1554 768 1601 mentes
793 1545 922 1603 oratione

137 1642 295 1700 flectendas
314 1643 453 1717 proficere
478 1642 636 1719 possimus3
663 1660 701 1699 ne
722 1651 770 1698 aut
790 1641 923 1699 irrisione

139 1748 187 1797 rut
201 1738 267 1797 odio
280 1738 360 1815 digni
373 1748 515 1814 putemur,
530 1737 555 1795 si
570 1747 618 1796 aut
630 1737 786 1814 trngoedius·
804 1755 923 1814 egemus

138 1835 168 1893 in
182 1836 276 1912 nugis,
293 1845 341 1893 eut
361 1835 522 1893 convellere
542 1835 704 1892 adorimur
724 1853 769 1906 es,
783 1853 846 1909 que
863 1852 922 1891 non

137 1931 246 2007 possint
272 1931 453 1990 commoveri.
503 1931 591 2003 Nem,
612 1931 758 2008 quonism·
773 1931 837 1988 heo
863 1930 967 1990 fere15

138 2028 261 2085 maxime
275 2029 383 2086 suntin
396 2028 525 2104 judicum
545 2027 647 2085 animis
661 2027 736 2105 (αυτ,
749 2027 922 2102 quicumque

137 2123 180 2180 illi
195 2132 288 2194 erunt,
304 2124 377 2198 apud
392 2142 463 2197 quos
478 2126 609 2202 agemus)
623 2123 754 2181 oratione
767 2122 921 2193 moliendo,

138 2236 228 2289 umor,
249 2218 356 2289 odium,
384 2219 542 2290 iracundie,
570 2219 687 2288 invidie,
714 2218 920 2289 misericordis,

138 2332 212 2391 spes,
227 2315 333 2386 letitia,
352 2314 446 2385 timor,
468 2315 614 2385 molestin3
636 2314 775 2371 sentimus
796 2333 921 2372 umorem

138 2410 298 2482 conciliari,
320 2411 343 2467 si
371 2409 400 2468 id
428 2410 552 2482 videare,
578 2411 655 2485 quod
681 2410 719 2466 sit
745 2411 816 2468 utile
842 2411 920 2486 ipsis,
935 2423 966 2473 20

139 2506 212 2582 apud
236 2525 307 2581 quos
332 2525 408 2582 ogas,
433 2505 603 2577 defendere;
637 2506 661 2564 si
686 2516 734 2564 out
759 2525 812 2582 pro
839 2508 921 2565 bonis

137 2603 214 2675 viris,
230 2613 278 2660 aut
299 2616 376 2660 certe
396 2621 448 2679 pro
469 2602 504 2660 iis
522 2603 571 2678 qui
586 2603 642 2660 illis
656 2603 725 2660 boni
739 2613 823 2678 atque
836 2604 921 2683 utiles

138 2701 203 2772 sint,
224 2700 370 2758 laborare:
391 2717 514 2774 namque
532 2700 597 2758 'heo
616 2719 663 2758 res
683 2717 809 2757 amorem
830 2700 921 2777 mgis

138 2795 283 2867 conciliat,
304 2795 352 2852 illa
372 2795 483 2853 virtutis
502 2795 632 2853 defensio
655 2796 820 2866 caritatem
845 2796 922 2871 plus-

138 2910 192 2967 que
214 2891 336 2969 profioit,
351 2891 374 2948 si
388 2891 553 2968 proponitur
573 2911 638 2967 spes
658 2892 789 2950 utilitatis
808 2892 919 2963 future,
934 2905 966 2954 25

138 3007 221 3064 quum
247 2988 383 3065 preteriti
410 2987 543 3045 benefioii
568 2987 810 3046 oommemorutio.
851 2987 921 3046 Eni-

135 3083 255 3144 tendum
263 3093 321 3158 επ,
335 3093 367 3143 ut
379 3085 522 3156 ostendor,
537 3083 569 3142 in
581 3085 617 3142 ed
630 3102 662 3143 re
675 3103 761 3160 qum
773 3083 919 3156 defendas,
