2184 3575
139 327 195 390 loo
232 373 237 380 ,
454 337 498 388 on
519 336 682 386 onerose
869 335 962 397 [um

182 485 300 544 modum
333 485 441 544 absona
472 495 557 562 atque
592 485 721 544 absurda.
781 483 834 542 Est
867 494 962 544 autem

183 582 292 655 vitium,
306 582 382 659 quod
399 582 529 640 nonnulli
542 581 579 639 de
593 576 732 638 industrii
751 591 961 640 oouseotantur.

182 677 308 736 Rustiea
326 695 382 734 vox
399 685 429 734 et
450 677 569 753 agrestis
595 676 731 751 quosdam
755 676 888 748 delectat,
905 695 962 753 quo

183 774 275 850 magis
301 773 507 847 antiquitatem,
527 772 552 829 si
571 772 613 830 ita
631 782 723 844 sonet,
743 790 842 830 eorum
868 790 962 830 sermo

150 869 305 932 stetinere
331 868 475 926 videatur:
502 878 533 925 ut
559 878 635 940 tuus,
655 869 769 938 Catule,
791 868 906 940 sodalis,
926 868 960 926 L.

182 964 278 1034 Cotta,
299 965 423 1041 gaudere
450 964 520 1021 mihi
546 964 657 1022 videtur
682 965 819 1040 gravitate
844 964 959 1041 linguae,

181 1077 309 1134 sonoque
329 1060 408 1118 noeis
436 1060 550 1136 agresti,
577 1070 606 1116 et
626 1060 705 1130 illud,
724 1059 800 1134 quod
826 1059 959 1134 loquitur,

181 1156 306 1232 priseum
321 1155 412 1213 visum
432 1155 466 1213 iri
485 1165 575 1230 putat,
593 1155 618 1212 si
637 1155 720 1231 plane
739 1154 824 1212 fuerit
842 1155 961 1213 rustica·

181 1269 259 1310 num.
312 1249 363 1308 Me
390 1261 484 1309 antem
509 1261 577 1308 tuus
601 1269 689 1308 sonus
708 1259 737 1308 et
756 1251 880 1308 suavitas
904 1250 961 1309 ista

135 1353 166 1402 1⁰
181 1346 304 1404 delectat
312 1365 320 1417 ;
341 1346 442 1404 omitto
456 1347 615 1417 verborum,
629 1364 789 1422 quanquam
802 1355 845 1404 est
858 1356 960 1422 eapnt3

121 1505 122 1508 ,
180 1461 278 1502 rerum
299 1443 328 1500 id
352 1443 432 1501 affert
458 1443 540 1514 ratio,
561 1443 666 1500 doeent
691 1442 790 1514 litere,
811 1442 961 1500 confirmat

180 1540 358 1598 eonsuetudo
384 1549 412 1598 et
438 1539 552 1616 legendi
575 1549 604 1597 et
626 1539 775 1614 loquendi;
809 1538 859 1596 sed
885 1539 960 1597 hane

181 1635 247 1694 dieo
260 1635 436 1706 suavitatem,
451 1654 513 1710 quas
533 1635 592 1692 exit
610 1653 646 1692 ex
665 1653 730 1705 ore;
752 1654 814 1709 que
834 1635 958 1710 quidem,

181 1741 214 1790 ut
249 1731 323 1808 apud
355 1732 481 1804 Grecos,
508 1731 682 1803 Atticorum,
713 1730 766 1805 sio,
793 1730 823 1790 in
854 1731 958 1790 Latino

134 1830 165 1881 15
180 1846 320 1901 sernmne,
332 1828 415 1904 hujus
428 1838 471 1886 est
483 1828 562 1885 urbis
574 1827 698 1885 maxime
708 1828 830 1904 propria
870 1826 960 1886 Athe·

179 1923 226 1983 nis
247 1916 385 2001 jamdiu
417 1923 549 1981 doctrina
580 1922 705 1998 ipsorum
738 1923 958 1982 Atheniensium

180 2018 303 2079 interiit:
324 2018 499 2078 domicilium
518 2028 628 2077 tantum
642 2018 672 2075 in
686 2018 735 2075 ills
749 2019 817 2076 urbe
831 2034 960 2077 remanet

179 2114 348 2186 studiorum,
362 2114 465 2189 quibus
484 2124 587 2173 venant
606 2114 693 2186 eires,
706 2115 850 2192 peregrini
863 2114 959 2173 fruun-

179 2220 234 2283 tur,
249 2210 325 2286 eapti
345 2210 555 2285 quodammodo
575 2211 689 2269 nomine
702 2211 781 2269 urbis
794 2220 824 2269 et
837 2210 960 2270 auotori-

132 2316 164 2365 2⁰
180 2315 253 2375 tate3
287 2317 382 2364 tamen
415 2306 621 2365 eruditissimos
653 2306 783 2365 homines
813 2306 959 2365 Asiaticos

180 2401 271 2476 quivis
284 2401 470 2460 Atheniensis
483 2402 625 2473 indootus‚
638 2421 696 2461 non
710 2402 811 2474 verbis,
825 2403 875 2459 sed
887 2421 959 2462 sono

179 2495 268 2567 noeis,
287 2515 343 2555 nee
362 2508 420 2556 tam
443 2498 526 2569 bene,
547 2516 631 2573 quam
657 2498 779 2557 suaviter
804 2498 956 2573 loquendo,

180 2590 264 2648 leoile
283 2592 435 2667 superabit.
488 2593 589 2651 Nostri
608 2593 703 2650 minus
722 2593 837 2653 student
855 2593 956 2664 literis,

179 2704 263 2760 quam
296 2686 409 2745 Latini:
448 2696 543 2745 tamen
578 2706 615 2745 ex
647 2688 719 2760 istis,
751 2709 823 2764 quos
855 2688 955 2760 nostis,

131 2796 164 2847 25
179 2781 304 2854 urbanis,
318 2782 465 2858 inquibus
485 2784 633 2841 minimum
647 2794 690 2841 est
702 2785 857 2856 literarum,
871 2803 958 2842 nemo

178 2886 231 2948 est,
264 2878 333 2953 quin
365 2877 588 2937 literatissimum
620 2888 781 2956 togatorum
817 2881 956 2952 omnium,

177 2973 217 3037 Q„
232 2973 376 3032 Valerium
391 2975 543 3045 Soranum,
557 2974 675 3033 lenitate
693 2975 771 3035 voois
791 2986 876 3054 atque
894 2976 957 3055 ipso

177 3068 236 3133 oris
247 3088 346 3150 pressu
359 3079 388 3128 et
400 3087 472 3130 sono
486 3069 572 3129 faoile
584 3070 688 3129 vineat

1084 779 1089 807 t
