2184 3575
131 288 171 347 m
449 298 491 345 na
514 300 696 345 onxroas:
876 298 916 357 [ι.
926 298 963 344 11.

178 445 262 504 aliam
275 466 338 505 esse
348 448 416 524 joci,
429 448 511 505 aliam
524 448 697 518 severitatis3
718 448 846 525 gravium
862 458 963 505 autem

177 553 207 600 et
223 544 353 621 jecorum
374 564 458 601 unam
474 564 535 601 esse
556 544 704 601 rationem.
745 545 857 601 Ornant
871 544 963 621 igitur

178 638 316 715 imprimis
329 642 486 697 orationem
501 642 589 727 verba
600 641 690 697 relata
702 641 860 709 contrarie3
881 640 962 715 quod

177 736 252 793 idem
266 756 357 813 genus
373 748 504 811 saepeest
517 737 604 794 etiam
624 737 764 806 sanetum3
785 748 826 808 ut,
842 736 963 792 Servius

147 833 226 889 silla
252 833 353 905 Galba,
378 852 443 890 aum
468 834 580 910 judiees
606 834 639 890 L.
665 833 817 890 Scribonio
842 833 962 889 tribuno

176 928 268 1003 plebis
288 928 373 987 ferret
400 929 553 986 familiares
579 948 653 999 suos,
674 938 703 985 et
729 930 845 985 dixisset
872 928 960 999 Libo,

179 1024 334 1085 “Quando
357 1027 481 1098 tandem,
502 1025 605 1095 Galba,
627 1026 662 1082 de
682 1025 808 1082 triclinio
830 1034 880 1081 tuo
900 1025 963 1080 exi·

177 1120 264 1177 bist”
307 1122 410 1178 “Cum
424 1124 483 1192 tu,'’
496 1122 598 1196 inquit,
610 1128 628 1153 “
639 1122 675 1177 de
686 1122 821 1179 eubiculo
835 1121 959 1177 alieno.''

177 1216 205 1273 A
220 1236 276 1291 quo
288 1236 393 1293 genere
407 1238 443 1275 ne
464 1218 536 1303 illud
555 1218 670 1293 quidem
689 1218 842 1291 plurimum
862 1217 959 1287 distat,

133 1328 164 1375 1⁰
178 1314 254 1387 quod
286 1315 408 1372 Glaucia
441 1310 570 1385 Metello,
605 1314 740 1371 “Villam
772 1314 803 1370 in
835 1312 959 1371 Tiburte

177 1409 275 1480 habes,
290 1420 398 1468 sortem
413 1410 442 1468 in
456 1411 595 1469 Palatio.'’

216 1602 325 1660 LXVI.
356 1603 403 1660 Ao
428 1604 580 1661 verborum
610 1603 725 1677 quidam
757 1622 864 1679 genera
895 1621 958 1677 quae

177 1708 272 1756 essent
298 1699 400 1769 faceta,
427 1699 532 1755 dixisse
559 1717 605 1755 me
630 1710 715 1773 puto:
749 1718 844 1757 rerum
876 1700 959 1774 plura

178 1805 259 1865 sunt3
288 1814 379 1870 eaque
398 1795 489 1872 magis
511 1795 556 1872 (ut
575 1796 634 1852 dixi
655 1799 734 1875 ante)
756 1797 900 1854 ridentur:
928 1796 957 1853 in

132 1895 163 1944 15
178 1891 280 1966 quibus
300 1903 342 1948 est
362 1893 502 1963 narrati03
531 1911 576 1949 res
596 1911 664 1949 sane
685 1893 817 1952 difficilis.
858 1893 959 1968 Expri-

177 1988 283 2044 menda
301 1988 376 2045 enim
397 1998 472 2060 aunt,
493 1998 522 2045 et
540 1989 675 2063 ponenda
698 1999 764 2045 ante
783 1989 892 2059 oculos,
913 2007 956 2060 ea,

177 2099 238 2158 quae
250 2084 396 2142 videantur
409 2103 470 2140 esse
481 2084 646 2141 verisimilia
657 2083 745 2160 (quod
757 2095 800 2140 est
813 2085 958 2158 proprium

122 2185 126 2191 '
177 2181 372 2258 narrationis),
386 2190 415 2237 et
429 2200 490 2255 quaa
505 2181 562 2237 sint
576 2180 666 2256 (quod
688 2181 802 2237 ridiculi
814 2180 958 2255 proprium

178 2278 234 2354 est)
247 2277 409 2350 subturpia:
431 2277 512 2352 cujus
526 2277 697 2352 exemplum,
710 2287 740 2332 ut
751 2276 956 2347 brevissimum,

123 2379 163 2428 20
178 2371 214 2427 sit
235 2390 303 2428 sane
323 2369 403 2444 illud,
418 2373 492 2447 quod
515 2383 581 2430 ante
600 2372 693 2447 posui,
708 2372 805 2428 Crassi
819 2373 854 2428 de
869 2371 958 2427 Mem·

178 2466 243 2523 mio.
285 2466 323 2524 Et
344 2467 378 2524 ad
400 2468 456 2525 hoe
483 2488 575 2545 genus
596 2469 771 2526 ascribamus
791 2468 877 2524 etiam
898 2487 958 2524 uar-

178 2561 303 2619 iationes
318 2563 509 2639 apologorum.

218 2657 355 2714 Trahitur
376 2659 460 2715 etiam
488 2659 593 2732 aliquid
621 2677 657 2716 ex
683 2658 811 2730 historia,
832 2669 872 2730 ut,
893 2677 956 2716 eum

178 2753 243 2810 Sex.
265 2753 362 2811 Titius
382 2772 413 2810 se
433 2754 622 2812 Cassandram
643 2773 705 2812 esse
723 2755 842 2827 diceret,
857 2755 957 2812 “Mul-

130 2859 163 2908 25
178 2851 250 2920 tos,'’
279 2849 371 2924 inquit
401 2850 555 2920 Antonius,
583 2858 724 2926 “possum
758 2862 821 2908 tuos
854 2852 957 2926 Ajaees

179 2944 279 3002 Oileos
297 2946 473 3003 nominare.”
528 2946 581 3004 Est
601 2948 687 3004 etiam
707 2966 743 3004 ex
762 2946 955 3018 similitudine,

179 3060 242 3118 que
263 3051 311 3110 aut
331 3040 512 3098 collationem
532 3042 628 3115 habet,
644 3053 691 3100 aut
710 3052 845 3116 tanquam
861 3043 957 3119 imagi-
