2184 3575
129 319 173 378 et
453 327 498 376 ue
518 327 682 375 onerosa
865 329 966 390 mm.

182 475 239 534 hou
253 475 283 534 iu
297 474 344 534 his
362 476 442 552 quasi
462 477 550 534 mutis
569 478 678 535 artibus
697 486 742 534 est
753 475 924 548 mirandum,
937 486 969 535 et

182 583 278 631 tamen
298 591 414 643 verum;
440 583 550 648 quanto
571 572 766 631 admirabilius
786 573 817 630 iu
835 573 970 631 oratione

184 680 267 744 atque
287 669 317 726 in
337 669 456 746 lingudl
476 689 538 745 quae
559 688 626 727 eum
646 670 677 726 in
697 669 799 726 iisdem
816 667 971 726 sententiis

182 766 332 841 verbisque
352 776 488 836 versetur,
509 785 634 824 summas
654 767 739 824 babet
762 766 971 824 dissimilitudi-

146 875 250 931 5nes3
271 879 328 918 non
349 861 402 932 siu,
417 872 451 918 ut
463 861 512 919 alii
532 862 711 937 vituperandi
731 862 797 934 sint,
812 862 863 919 sed
883 871 915 919 ut
934 861 969 934 ii,

183 977 252 1031 quos
275 967 387 1014 constet
410 976 472 1014 esse
496 958 664 1028 laudandos,
686 958 716 1015 in
740 958 846 1033 dispari
869 968 968 1016 tamen

183 1071 287 1129 genere
307 1053 466 1110 laudentur.
515 1053 612 1128 Atque
633 1054 661 1110 id
679 1054 803 1129 primum
824 1054 853 1111 in
872 1053 970 1130 politis

183 1149 264 1206 serni
286 1148 365 1220 lieet,
389 1149 493 1223 quibus
514 1160 559 1207 est
584 1150 712 1225 proxima
738 1150 873 1226 cognatio
898 1167 966 1207 eum

183 1245 351 1317 oratoribus,
373 1263 457 1320 quam
478 1245 535 1303 sint
555 1246 629 1302 inter
649 1264 713 1302 sese
732 1246 854 1317 Ennius,
874 1245 971 1304 Pasa·

136 1357 168 1406 10
183 1341 254 1412 vius,
269 1342 436 1416 Acciusque
456 1342 624 1411 dissimilem
648 1361 732 1417 quam
754 1343 827 1417 apud
847 1342 970 1400 Groeeoe

183 1435 347 1512 AEsehylua,
362 1438 529 1513 Sophocles,
544 1438 706 1513 Euripides,
725 1457 886 1512 quanquam
906 1457 967 1495 um·

181 1531 267 1590 nibus
280 1551 330 1608 par
343 1551 425 1608 pene
438 1532 502 1590 lens
514 1533 544 1590 iu
558 1533 689 1591 dissimili
702 1532 847 1590 scribendi
860 1551 970 1610 genere

182 1628 332 1686 tribuatur.

221 1723 354 1801 Aspicite
373 1742 452 1781 nunu
472 1741 523 1782 eos
542 1723 673 1781 homines
697 1734 781 1801 atque
802 1725 967 1798 intuemini,

136 1839 168 1889 ιε
181 1837 301 1896 quorum
328 1820 365 1877 de
391 1819 526 1878 facultate
559 1821 721 1895 querimus,
753 1822 821 1895 quid
853 1822 967 1881 intersit

182 1916 255 1974 inter
282 1926 427 1973 oratorum
458 1916 553 1974 studia
579 1927 663 1992 atque
689 1928 813 1976 naturas.
866 1918 967 1977 Suari·

181 2022 269 2070 tatem
301 2012 453 2085 Isocrates,
480 2012 666 2070 subtilitatem
700 2012 810 2089 Lysias,
844 2030 966 2072 acumen

183 2107 353 2185 Hyperides,
369 2108 492 2165 sonitum
508 2107 672 2179 AEscbines‚
686 2108 743 2166 rim
756 2109 965 2180 Demosthenes

182 2204 289 2262 habuit.
329 2203 406 2267 Quis
426 2222 525 2260 eorum
546 2223 602 2262 non
621 2204 773 2282 egregiusl
792 2216 888 2262 tamen
901 2205 965 2280 quis

131 2320 168 2371 m
183 2300 353 2377 cujusquam
370 2299 426 2358 nisi
449 2299 493 2357 sui
520 2299 641 2358 similisl
693 2300 868 2358 Gravitatem
888 2301 965 2359 Afri·

183 2414 282 2467 uanus,
296 2395 441 2454 lenitatem
457 2394 573 2466 Laelius,
588 2396 766 2471 asperitatem
786 2395 888 2467 Galba,
897 2414 966 2471 pro·

183 2490 277 2549 fluens
288 2491 421 2567 quiddam
435 2492 535 2549 habuit
549 2492 646 2549 Carbo
658 2501 687 2549 et
700 2510 847 2549 canorum.
885 2492 965 2555 Quis

183 2586 284 2644 horum
308 2606 366 2644 non
392 2587 526 2663 princeps
551 2588 728 2663 temporibus
754 2587 810 2644 illis
836 2587 909 2646 fuiti
935 2598 965 2646 et

184 2700 237 2741 suo
249 2690 345 2745 tamen
359 2683 478 2759 quisque
492 2683 522 2741 in
535 2702 641 2760 genere
653 2683 793 2759 princeps.

132 2899 168 2951 ᾖ
221 2873 304 2932 VIII.
335 2875 392 2933 Sed
413 2874 481 2951 quid
501 2894 557 2952 ego
579 2886 675 2935 vetera
696 2861 875 2951 ‘conquiram
896 2894 963 2934 uum

183 2970 253 3027 mihi
266 2970 352 3028 lineat
365 2971 406 3028 uti
420 2972 607 3047 presentibus
626 2971 763 3048 exemplis
777 2980 860 3046 atque
873 2971 963 3029 vivisl

168 3066 264 3130 vQuid
281 3066 438 3144 jucundius
457 3067 573 3127 auribus
592 3067 698 3126 nostris
717 3085 841 3143 uuquam
858 3064 962 3126 aeeidit
1084 3095 1086 3110 2
