2184 3575
448 341 492 390 nu
513 341 676 389 onsnonn.
864 341 959 402 [nnn

174 486 299 561 quidem,
316 487 351 546 ad
371 507 510 548 summam
531 489 650 566 gloriam
671 488 843 564 eloquentie
862 488 958 548 floret·

174 584 262 655 conti,
277 585 351 642 serro
371 595 469 660 erepta
487 586 545 643 vita
565 596 618 656 est,
637 596 772 662 etpoena
789 585 958 644 temeritatis

166 699 232 738 -non
259 681 321 742 siue
354 699 458 758 magno
491 682 657 757 reipublicae
684 681 760 738 malo
792 681 957 738 constituto

174 774 238 852 Ego
251 795 318 833 vcro
331 786 369 848 te,
384 777 580 847 Crasse,.cum
599 777 664 835 vitae
683 776 764 848 flore,
774 786 838 834 ⁴tum
858 776 958 834 mortis

139 877 162 926 ¹5
175 871 394 946 opportunitate,
415 872 510 930 divino
537 866 658 930 oonsilio
683 881 719 943 et¹
738 881 888 929 crtumet
911 890 958 930 err·

174 968 310 1024 stinctum
331 987 393 1028 esse
414 967 551 1025 arbitror:
571 985 637 1024 nam
651 967 704 1024 tibi
718 978 777 1039 sut,
790 985 842 1043 pro
855 967 959 1026 virtute

175 1062 262 1118 animi
283 1064 500 1138 constantiique
521 1064 581 1134 turi,
602 1063 694 1121 civilis
718 1063 785 1120 serri
809 1063 960 1120 subeundo

112 1221 115 1232 Ι
175 1157 229 1216 suit
248 1157 413 1230 crudelium,
433 1170 491 1230 sut,
505 1159 529 1216 si
546 1178 604 1234 qun
622 1169 651 1216 te
671 1159 785 1220 fortune
802 1159 839 1216 ab
855 1159 958 1216 etroci-

165 1262 232 1316 ,tate
252 1255 351 1310 mortis
371 1255 553 1326 vindicasset,
573 1256 675 1312 eadem
695 1273 758 1313 esse
777 1266 805 1312 te
825 1255 958 1313 funerum

130 1361 161 1410 10
174 1350 272 1424 pstriae
292 1359 480 1424 spectatorem
501 1351 661 1427 coegisset:
682 1351 888 1426 neque-solum
904 1351 959 1408 tibi

175 1446 368 1520 improborum
389 1447 562 1517 dominatus,
583 1447 634 1504 sed
659 1447 755 1518 etiam,
775 1457 889 1523 propter
910 1448 959 1506 sd-

175 1542 290 1600 mixtam
312 1541 417 1600 civium
438 1542 556 1614 caedem,
576 1543 717 1600 bonorum
740 1543 870 1616 victoria,
890 1562 958 1600 mns-

174 1638 232 1695 rori
247 1638 354 1698 suisset.

36 1856 61 1917 ..ἢ
90 1808 138 1922 s
198 1824 267 1907 'IVss
296 1829 370 1893 Mihi
396 1830 521 1905 quidem,
546 1830 661 1893 Quinte
686 1832 783 1904 irater,
806 1843 836 1891 et
857 1832 973 1891 eorum'

131 1932 161 1982 15
176 1944 269 1996 casus,
283 1926 319 1983 de
333 1926 436 2001 quibus
456 1936 522 1984 onte
542 1927 610 1998 dixi,
625 1938 654 1985 et
667 1946 702 1986 eo
715 1937 777 2003 quo}
790 1929 959 2005 nosmetipsi

175 2021 214 2079 ob
249 2040 374 2079 umorem
392 2030 393 2033 ’
408 2022 437 2079 in
470 2024 676 2098 rempublicam
704 2024 903 2083 incredibilem
927 2034 959 2083 et

175 2117 349 2194 singularem
375 2118 542 2194 pertulimus
569 2121 781 2191 ac.sensimus,
807 2120 958 2197 cogitanti,

176 2214 317 2273 sententia
337 2234 411 2289 saepe
431 2224 481 2271 tua
493 2234 560 2273 vere
578 2235 613 2273 sc
632 2216 746 2292 sapiens
765 2218 855 2275 videri
874 2218 958 2288 solet,

175 2310 234 2384 qui,
247 2320 362 2385 propter
376 2320 428 2381 tot,
442 2320 545 2382 tantos,
560 2322 674 2387 tamque
693 2313 854 2388 precipites
873 2331 959 2370 cesus

129 2408 161 2459 2⁰
176 2404 397 2463 clarissimorum
417 2406 566 2471 hominum
590 2419 674 2483 atque
694 2409 865 2483 optimorum
885 2409 960 2465 viro·

175 2518 249 2571 rum,
265 2519 311 2557 me
331 2520 441 2576 semper
462 2503 596 2571 abuomni
616 2503 801 2561 contentione
822 2522 856 2560 ac
876 2503 960 2560 dimi·

174 2595 288 2653 catione
301 2597 449 2656 revocisti.
491 2598 559 2668 Sed,
572 2598 704 2673 quoniam
719 2598 780 2654 hec
791 2598 850 2673 jam
863 2615 960 2671 neque

176 2690 205 2747 in
220 2690 332 2767 integro
351 2692 434 2750 nobis
454 2712 515 2751 esse
536 2702 663 2768 possunt,
678 2702 707 2749 et
722 2694 824 2749 summi
844 2693 960 2750 labores

121 2822 128 2833 ι
175 2786 274 2858 nostri,
302 2788 406 2864 magnit
435 2788 612 2863 compensati
644 2788 746 2865 glorii,
772 2788 957 2865 mitigantur;

128 2886 161 2937 25
174 2899 324 2957 pergamus
345 2883 379 2940 nd
400 2902 435 2941 ea
453 2882 565 2953 solatia,
580 2902 644 2957 quae
663 2902 722 2941 non
742 2884 837 2955 modo,
851 2884 960 2942 sedetis

174 2977 323 3049 molestiis,
340 2978 478 3053 jucunda,
499 2978 658 3037 sedetiam
681 2979 864 3051 beientibus,
884 2981 959 3038 salu·

176 3072 248 3131 turia
260 3072 344 3131 nobis
355 3092 421 3132 esse
431 3084 568 3150 possunt3
587 3094 800 3153 sermonemque
814 3076 848 3137 L
859 3074 956 3137 Crassi
