2184 3575
125 340 218 406 nnn]
405 343 449 393 on
469 344 633 391 omnonn.
895 333 953 392 105

122 500 182 563 ent,
197 501 246 550 aut
263 491 332 568 quid
351 469 547 570 profiteantur,
562 492 722 570 intelligere
741 499 904 568 potuerunt.

123 587 230 675 Verum
251 589 326 647 enim
343 589 459 661 oratori,
474 609 537 664 quae
551 589 661 646 suntin
675 589 823 646 bominum
836 587 905 659 vitt,

122 684 350 760 quandoquidem
376 686 406 744 in
433 686 468 742 ea
488 694 615 744 versatur
641 695 746 757 orator,
767 694 850 759 atque
870 702 906 741 ea

123 787 166 836 est
185 779 212 836 ei
232 781 361 857 subjecta
379 781 522 853 materies,
539 781 637 840 omnia
655 780 783 856 quesita,
798 779 905 851 audita,

121 874 206 948 lecta,
230 877 381 955 disputata,
409 887 540 950 tractata,
569 878 675 954 agitata
701 895 763 934 esse
789 876 937 934 debent.6

122 969 174 1028 Est
199 972 276 1029 enirn
303 973 466 1050 eloquentia
492 991 551 1031 una
577 973 705 1048 quedam
729 973 766 1028 de
786 971 905 1029 summis
933 964 992 1035 ts

121 1066 287 1138 virtutibus;
309 1067 484 1145 (quanquam
496 1079 562 1126 sunt
575 1088 675 1127 omnes
685 1068 802 1126 virtutes
812 1086 905 1141 aequa·
999 1125 1002 1130 ,

120 1160 163 1219 les
186 1172 214 1220 et
236 1182 329 1238 pares,
352 1164 403 1222 sed
427 1175 523 1223 tamen
545 1175 590 1222 est
611 1164 722 1241 species
744 1162 905 1240 aliamugis

123 1257 178 1315 dit
205 1258 327 1318 formosa
353 1269 382 1318 et
406 1260 539 1331 illustris;
569 1260 646 1326 sicut
670 1260 731 1318 haec
754 1259 806 1331 vis,
830 1278 903 1334 qum,

121 1353 270 1414 scientium
286 1355 435 1431 complexa
453 1375 559 1428 rerum,
573 1374 658 1414 sensa
676 1355 781 1413 mentis
794 1365 904 1414 etcon-
920 1365 951 1416 1⁰

121 1449 185 1508 siiia
211 1449 254 1507 sic
280 1451 373 1508 verbis
399 1451 531 1526 explicat,
558 1461 591 1508 ut
617 1469 677 1522 eos,
700 1451 749 1524 qui
776 1450 902 1522 audiant,

122 1563 301 1621 quocumque
328 1546 501 1619 incubuerit,
527 1546 617 1622 possit
644 1547 806 1622 impellere3
840 1564 904 1620 quas

120 1659 178 1716 quo
197 1641 287 1717 major
307 1652 350 1699 est
369 1642 421 1714 ris,
436 1642 492 1700 hoc
512 1654 556 1700 est
575 1642 674 1719 magis.
685 1642 827 1716 probitate
838 1641 903 1718 jun-

119 1737 223 1815 genda,
237 1737 404 1814 summaque
422 1738 575 1817 prudentii
585 1739 606 1819 2)
627 1735 747 1812 quarum
766 1735 904 1795 virtutum

119 1834 281 1911 expertibus
301 1834 325 1892 si
344 1835 462 1893 dicendi
483 1835 598 1910 copiam
619 1834 830 1905 tradiderimus,
844 1851 904 1891 non
920 1845 951 1895 15

120 1946 168 1989 eos
188 1932 301 2006 quidem
321 1940 447 1989 oratores
466 1930 656 2004 effecerimus,
672 1930 724 1989 sed
745 1929 903 1991 furentibus

119 2027 248 2102 quedam
262 2044 341 2085 arma
353 2026 522 2086 dederimus.

158 2214 226 2275 XV.
256 2214 352 2287 Hanc,
372 2216 498 2291 inquam,
520 2216 668 2293 cogitandi
687 2215 905 2292 pronuntiandi·

119 2328 175 2386 que
201 2310 351 2382 rationem,
377 2311 491 2386 vimque
516 2311 644 2383 dicendi,
671 2322 782 2369 veteres
807 2311 904 2371 Greci

119 2405 288 2482 sapientiam
322 2406 517 2466 nominabant.
578 2406 658 2465 Hinc
691 2407 733 2465 illi
766 2407 902 2483 Lycurgi,

118 2502 188 2561 hinc
204 2502 319 2575 Pittaci,
334 2502 402 2561 hinc
422 2503 554 2574 Solones,
569 2512 653 2577 atque
674 2504 710 2561 ab
729 2503 785 2561 hac
803 2504 903 2562 simili-

117 2598 218 2657 tudine
247 2598 424 2657 Coruncanii
458 2599 559 2670 nostri,
593 2599 731 2671 Fabricii,
764 2599 901 2673 Catones,

117 2694 270 2771 Scipiones
290 2695 413 2767 suerunt,
433 2714 492 2753 non
513 2704 572 2753 tam
599 2694 719 2755 fortasse
742 2696 829 2768 docti,
850 2696 901 2754 sed

118 2788 225 2864 impetu
258 2790 361 2849 mentis
394 2790 480 2848 simili
513 2800 542 2848 et
575 2791 729 2849 voluntate.
789 2790 902 2849 Eiidem

119 2892 213 2941 autem
228 2884 276 2943 alii
288 2885 450 2961 prudentii,
465 2886 514 2943 sed
529 2886 652 2944 consilio
673 2886 709 2943 ad
722 2886 786 2945 vitae
806 2888 901 2945 studia
914 2894 947 2945 25

117 2978 233 3054 dispari,
248 2980 370 3055 quietem
385 2990 470 3055 etque
490 2981 580 3039 otium
596 2982 700 3055 secuti,
714 2991 746 3040 ut
759 2982 902 3060 Pythago·

116 3094 174 3149 res,
188 3073 379 3151 Democritus,
394 3077 594 3156 Anaxagoras,
613 3097 631 3137 a
649 3079 783 3158 regendis
802 3078 900 3138 civita·
