2184 3575
139 323 211 382 11³6
289 354 291 358 ·
465 331 513 380 'DE
533 326 696 378 ortam.
883 327 923 388 [1,.
933 317 983 373 m.

195 480 251 550 rie;
272 479 323 552 illi,
344 479 404 538 nati
424 479 461 537 in'
474 478 574 550 literis,
596 473 847 552 ardentesquehie
865 475 981 548 studiis,

195 576 254 635 otio
267 595 334 635 uero
347 576 515 645 diffluentes,
527 585 589 632 nou
601 574 685 632 modo
697 571 768 630 nibil
779 571 980 646 acquisierint,

196 673 247 729 sed
274 691 310 730 ne
337 671 468 730 relictum
495 670 611 746 quidem
636 679 665 727 et
690 668 825 727 traditum
845 678 876 725 et
893 685 980 725 suum

198 768 434 826 conservaverint.
816 785 819 788 ·

167 967 183 1015 5
235 959 383 1018 ΧΧΧΠΙ.
403 959 491 1016 (Tum
513 959 643 1030 Crassus,
657 957 726 1015 Non
746 957 777 1015 in
797 957 861 1029 bac,
876 956 979 1032 inquit,

197 1055 265 1126 und,
280 1055 393 1127 Catule,
407 1073 448 1127 re,
463 1056 512 1112 sed
533 1055 563 1112 in
585 1055 647 1112 aliis
666 1055 752 1112 etiam
772 1054 978 1129 compluribus,

197 1150 396 1208 distributione
409 1151 531 1226 partium
552 1169 588 1206 ac
607 1149 794 1225 separatione·
806 1148 980 1225 magnitudi-

197 1263 248 1302 nes
268 1256 335 1302 sunt
356 1245 456 1302 artium
473 1246 643 1302 'diminutae‘
689 1245 738 1301 An
764 1254 794 1302 tu
821 1244 977 1315 existimus,

197 1359 269 1399 cum·
289 1351 367 1398 esset
398 1341 589 1416 Hippocrates
614 1341 662 1398 ille
688 1341 775 1412 Cous,
803 1339 890 1397 fuisse
916 1349 977 1397 turn

152 1446 183 1496 10
198 1439 270 1496 alios
287 1439 414 1497 medicos
433 1440 482 1514 qui
506 1437 622 1509 morbis,
643 1438 715 1494 alios
734 1437 782 1512 qui
802 1437 977 1508 vulneribus,

198 1536 268 1593 elios
288 1535 336 1610 qui
357 1535 457 1606 oculis,
479 1535 679 1595 mederenturl
699 1553 778 1606 num,
792 1534 978 1610 geometriam

198 1631 319 1692 Euclide
338 1641 386 1688 aut
399 1630 584 1701 Archimede,
598 1646 667 1689 num
680 1630 826 1688 musicam
845 1629 977 1686 Damone

197 1737 246 1784 aut
265 1727 448 1797 Aristoxeno,
469 1743 537 1783 num
561 1725 637 1801 ipsas
663 1725 759 1782 literas
786 1725 978 1802 Aristophane
998 1767 1001 1772 -

168 1866 169 1871 κ
197 1834 246 1881 aut
266 1822 444 1880 Callimacho
463 1832 614 1893 tractante,
629 1832 686 1880 tam
707 1822 864 1898 discerptas
880 1822 977 1895 fuisse,

151 1928 183 1979 15
195 1930 228 1978 ut
240 1936 326 1977 nemo
339 1938 430 1996 genus
449 1919 613 1976 universum
633 1918 878 1994 complecteretur,
894 1921 978 1993 atque

196 2026 233 2085 ut¹
253 2016 324 2073 alius
348 2015 431 2073 aliam
455 2015 509 2073 sibi
531 2026 651 2092 partem,
676 2015 705 2073 iu
729 2016 786 2089 qud
808 2016 977 2087 elaboraret,

196 2114 364 2189 seponeretl

235 2208 377 2285 Equidem
404 2227 478 2284 saepe
508 2208 566 2265 boc
599 2208 694 2267 andivi
719 2208 755 2267 de
781 2219 861 2286 patre
887 2219 915 2267 et
940 2208 977 2266 de

197 2324 297 2365 socero
317 2324 390 2377 meo,
404 2316 516 2363 nostros
536 2323 649 2380 quoque
665 2306 808 2377 homines,
822 2306 870 2381 qui
885 2305 978 2364 excel·

150 2407 182 2457 20
197 2402 256 2459 lere
268 2402 413 2477 sapientire
434 2402 525 2478 glorid
538 2402 652 2471 vellent,
666 2402 771 2474 omnia,
786 2420 851 2477 quae·
862 2402 976 2478 quidem

196 2506 256 2553 turn
278 2497 339 2554 haec
359 2497 459 2554 civitas
480 2494 587 2568 ndsset,
608 2498 706 2555 solitos
728 2516 791 2554 esse
814 2498 975 2573 complecti.

194 2590 390 2649 Meminerant
409 2591 450 2657 illi
470 2592 535 2649 Sera
551 2590 670 2662 AElium,
684 2590 725 2651 Μ’
740 2610 808 2649 vero
824 2591 976 2649 Manilium

197 2704 249 2744 nos
262 2687 346 2744 etiam
365 2687 486 2745 vidimus
507 2697 667 2743 transverso
687 2687 877 2743 ambulantem
898 2688 975 2745 soro:

196 2781 271 2856 quod
295 2790 356 2837 erat
379 2780 501 2857 insigne,
524 2798 599 2849 eum,
620 2779 669 2855 qui
692 2780 721 2838 id
743 2781 859 2852 laceret,
881 2780 977 2839 lacere
1080 2819 1081 2848 2

150 2880 182 2931 25
197 2877 307 2934 civibus
326 2877 459 2934 omnibus
482 2875 595 2933 consilii
621 2875 666 2933 eui
693 2877 821 2951 copiam:
850 2877 885 2934 ad
905 2896 976 2953 quos

196 2972 264 3029 olim
291 2982 320 3029 et
347 2972 387 3030 ita
416 2971 603 3041 ambulantes,
628 2981 658 3029 et
684 2971 713 3028 in
740 2972 813 3028 solio
845 2973 976 3031 sedentes

196 3066 284 3139 domi,
298 3066 341 3124 sic
361 3066 501 3138 adibatur,
521 3083 580 3123 non
599 3066 691 3123 solum
711 3075 743 3123 ut
762 3066 799 3124 de
815 3067 880 3144 jure
899 3068 975 3127 cirili
