2184 3575
122 329 221 402 nnn]v
405 330 450 392 nu
470 331 635 390 onaronn
896 316 958 392 ud

119 477 231 556 jamdiu
250 477 420 554 intermissa,
441 497 503 554 ane
524 489 591 536 sunt
610 482 763 555 poetarum
780 478 914 552 lioentiae.

121 574 264 648 liberiora,
278 594 362 652 quam
382 585 503 637 nostae:
524 575 575 632 sed
595 585 692 632 tamen
713 574 805 656 [raso]
820 577 907 641 habet

122 671 208 728 etiam
242 671 278 735 ia
305 671 433 735 oratione
465 671 611 746 poeticum
640 671 755 748 aliquod
788 673 906 734 verbum

122 767 298 845 dignitatem.
344 767 448 846 Neque
468 767 543 824 enim
565 767 635 836 illud
656 768 778 845 fugerim
798 769 918 842 dioere,'

121 873 153 925 ut
173 860 291 935 Coelius,
307 869 325 896 “
337 861 406 933 Qut
427 871 586 939 tempestate
605 863 716 921 Poenns
729 865 768 920 -t'n
786 864 905 922 Italiam
918 871 949 929 5,

120 960 214 1018 venit:
241 979 297 1018 neo
314 959 432 1036 prolem,
454 968 502 1016 aut
522 959 651 1031 subolem,
672 971 721 1018 aut
740 959 833 1037 effari,
855 970 905 1018 aut

119 1057 279 1132 nuncupari
286 1075 297 1111 .-
318 1065 377 1126 aut,
396 1065 427 1112 ut
447 1066 478 1112 tu
498 1055 584 1127 soles,
604 1056 717 1128 Catule,
737 1076 792 1114 non
810 1056 904 1128 rebar,

121 1161 169 1208 aut
182 1152 340 1228 opinabarr
360 1161 389 1209 et
404 1151 459 1208 alia
474 1151 573 1222 multa,
588 1153 692 1226 quibus
710 1153 774 1215 looo
792 1152 904 1228 positis,

120 1247 254 1323 grandior
269 1259 357 1323 atque,
367 1248 506 1322 antiquior
521 1248 611 1306 oratio
626 1267 701 1324 sape
716 1248 808 1306 videri
821 1249 903 1308 solet.

120 1342 271 1402 Novantur
298 1355 392 1403 autern
416 1344 510 1416 verba,
535 1362 598 1417 quae
623 1344 726 1416 abeo,
750 1344 799 1418 qui
822 1344 903 1416 dioit,
918 1350 950 1399 ro

120 1438 182 1514 ipso
196 1439 353 1516 gignuntur
368 1457 401 1496 aa
414 1421 496 1511 fiunt,
511 1439 555 1496 vel
575 1439 783 1517 conjungendis.
799 1439 902 1513 verbis,

119 1545 152 1592 ut
165 1536 243 1592 haeo:

149 1681 240 1731 “Tum
255 1697 331 1745 pavor
346 1683 491 1746 sapientiam
507 1697 608 1732 omnem
623 1681 685 1730 mihi
702 1683 843 1731 exanimato
858 1697 901 1732 ex·

233 1764 368 1827 peotorat.”

148 1881 164 1909 “
173 1878 299 1928 Numana
310 1880 348 1929 vis
360 1880 434 1944 hujus
450 1894 490 1929 me
501 1881 682 1943 versutiloquus
698 1880 804 1929 malitias
811 1880 827 1902 ”
845 1916 852 1929 .
870 1915 876 1928 .
893 1914 901 1928 .

117 2013 219 2073 videtis
246 2014 322 2074 enim
343 2023 372 2071 et
394 2015 609 2093 onsutiloquan
628 2024 657 2072 et
676 2022 843 2090 expectorat,
864 2016 947 2074 0115

118 2110 322 2185 conjunctione
349 2110 425 2166 facta
445 2128 507 2166 esse
527 2110 623 2179 verba,
642 2128 702 2166 non
728 2120 805 2168 nata.
844 2107 915 2169 vet

118 2223 193 2279 saepe
219 2204 281 2261 sine
308 2204 511 2279 oonjunotione
544 2202 646 2279 [verba
676 2206 842 2284 novantur],
868 2215 902 2263 ut

120 2298 153 2378 [⁶⁴
163 2300 210 2359 itte
222 2300 342 2371 senius,”
358 2310 399 2371 ut,
415 2300 502 2359 “Dii
518 2301 657 2375 genitales
666 2301 711 2379 ''],
729 2310 761 2359 ut
775 2307 793 2333 “
803 2300 901 2369 bassa·

117 2414 179 2451 rum
197 2394 323 2451 uhenate
342 2394 556 2451 incurvescere?
597 2393 715 2451 Tertius
734 2394 783 2451 ille
800 2394 901 2453 modus

117 2489 305 2548 transferendi
331 2488 409 2546 verbi
435 2490 492 2547 late
516 2498 605 2565 patet,
632 2507 717 2564 quem
742 2490 900 2547 necessitas
913 2489 946 2539 Μ

117 2585 225 2663 genuit,
247 2584 345 2661 inopid
365 2596 467 2644 ooaota
486 2594 515 2642 et
536 2584 690 2661 angustiis3
716 2594 782 2661 post
805 2596 899 2643 autem

117 2681 269 2741 delectatio
292 2681 514 2757 juounditasque
541 2679 703 2738 celebravit
757 2679 844 2753 Nam,
868 2691 900 2739 ut

116 2778 212 2851 vestis,
233 2777 346 2855 frigoris
366 2776 527 2853 depellendi
548 2776 635 2835 onusti
660 2788 773 2852 reperta
796 2777 898 2853 primo,

116 2882 181 2950 post
214 2873 342 2931 adhiberi
375 2883 469 2949 ooepta
501 2882 543 2931 est
577 2872 613 2930 ad
645 2883 776 2932 ornatum
812 2873 899 2932 etiam

117 2969 245 3047 eorporis
277 2980 306 3028 et
338 2970 521 3049 dignitatem
563 2969 606 3028 sio
641 2970 722 3031 verbi
752 2970 898 3029 translatio
912 2973 944 3023 ἦ

117 3065 247 3151 institute
264 3077 309 3129 est
328 3066 431 3147 iuopia
455 3066 553 3141 esua,
573 3066 752 3146 frequentata
775 3066 899 3148 deleotr-

193 3179 258 3221 von.
273 3180 305 3221 n.
424 3164 461 3221 13
