2184 3575
137 340 229 402 nun]
420 341 463 388 nn
486 341 650 388 onuuonu.
914 332 970 390 167

137 501 183 548 tur
194 492 215 570 :]
238 470 348 548 deinde¹
359 490 509 562 dubitatio,
522 501 585 548 turn
600 489 773 563 distributio,
787 500 848 548 turn
862 507 925 548 cor·

138 589 239 659 rectio,
259 587 303 644 vel
324 598 400 658 ante,
421 586 465 643 vel
486 597 636 663 postquam
657 587 773 658 dixeris,
793 587 836 644 vel
857 605 923 644 cunr

139 683 245 758 aliquid
266 703 282 742 a
302 694 330 741 te
351 684 412 759 ipse
431 683 562 759 rejicias:
583 683 764 758 praemunitio
781 693 825 740 est
838 683 924 740 etiam

138 780 174 836 ad
198 779 236 852 id,
258 779 334 854 quod
357 779 534 856 aggrediare,
555 790 585 835 et
606 779 735 856 trajectio
761 779 792 836 in
819 778 923 836 alium:

135 875 371 947 communicatio,
387 894 449 950 quae
468 885 511 932 est
528 874 610 949 quasi
624 893 691 932 eum
704 875 741 932 iis
754 874 833 950 ipsis,
849 875 922 950 apud
938 881 955 929 ὅ

133 990 207 1046 quos
220 973 310 1044 dicas,
325 971 510 1029 deliberatio:
532 988 645 1028 morum
663 989 698 1028 ac
711 971 776 1028 vitae
790 971 922 1043 imitatio,

135 1069 179 1125 vel
199 1068 228 1126 in
242 1068 382 1144 personis,
392 1068 439 1124 uel
460 1067 523 1124 siue
543 1067 610 1139 illis,
623 1086 760 1144 magnum
780 1068 923 1143 quoddam

134 1174 336 1221 ornamentum
356 1163 502 1235 orationis,
517 1173 546 1220 et
565 1173 661 1239 aptum
681 1163 716 1220 ad
731 1163 842 1221 animos
855 1182 924 1222 con·

137 1258 277 1317 ciliandos
290 1259 334 1317 vel
348 1259 481 1330 maxime,
496 1277 571 1334 saepe
585 1269 681 1317 autem
695 1259 782 1316 etium
796 1260 831 1316 ad
845 1278 924 1318 com·

135 1357 306 1413 movendos:
323 1372 508 1432 personarum
516 1355 585 1412 fieta
593 1354 733 1425 inductio,
741 1355 785 1410 vel
794 1353 924 1432 gravissi·
939 1361 970 1410 1⁰

134 1467 213 1508 mum
225 1451 321 1508 lumen
334 1451 473 1528 augendi3
493 1450 659 1526 descriptio,
666 1450 772 1507 erroris
782 1450 922 1525 inductio,

135 1547 171 1604 ad
181 1546 350 1605 hilaritatem
361 1547 510 1623 impulsio:
527 1557 593 1605 ante
606 1546 775 1621 occupatio:
792 1556 853 1604 tum
864 1547 923 1606 duo

134 1643 193 1715 illa,
203 1660 265 1718 quae
276 1644 398 1702 maxime
409 1653 533 1715 movent,
543 1642 701 1701 similitudo
711 1655 741 1702 et
751 1643 921 1720 exemplum,

133 1739 265 1817 digestio,
281 1740 481 1819 interpellati0,
497 1740 655 1812 contentio,
669 1739 830 1813 reticentia,
845 1758 923 1799 com·

132 1838 287 1910 mendatio,
299 1839 493 1917 vox'quaedam
503 1837 604 1909 libera,
614 1837 795 1912 atqueetiam
803 1838 922 1897 effrena-
937 1846 968 1895 15

131 1933 183 2005 tio,
193 1934 316 2011 augendi
327 1934 416 1991 causi
427 1954 434 1991 :
449 1934 610 2005 iracundia,
621 1932 793 2010 objurgatio,
804 1934 922 2009 promis·

131 2030 185 2102 sio,
207 2030 381 2105 deprecatio,
402 2029 578 2100 obsecratio,
599 2028 758 2086 declinatio
783 2030 878 2088 brevis
905 2050 922 2089 a

130 2124 287 2199 proposito,
298 2142 356 2181 non
369 2135 401 2181 ut
411 2124 540 2199 superior
552 2124 602 2181 illa
611 2124 767 2199 degressio,
777 2126 920 2201 purgatio,

132 2218 305 2291 conciliatio,
319 2219 409 2291 laesio,
424 2216 541 2294 optatio,
558 2228 642 2293 atque
655 2219 823 2276 exsecratio.
865 2219 923 2279 His

132 2314 192 2373 lere
205 2315 363 2373 luminibus
375 2315 517 2372 illustrent
530 2314 691 2378 orationem
705 2315 863 2374 sententie.
935 2328 968 2380 w

170 2509 246 2568 LIV.
281 2509 429 2567 Orationis
446 2519 542 2567 autem
561 2508 661 2586 ipsius,
673 2519 810 2585 tauquam
829 2528 919 2569 mmo·

130 2626 204 2679 rum,
218 2616 261 2664 est
275 2604 318 2663 vel
334 2607 371 2666 ad
383 2624 467 2664 usum
478 2605 665 2664 comminatio
675 2616 704 2663 et
715 2606 797 2681 quasi
806 2607 917 2682 petitio,

129 2702 173 2761 vel
190 2703 224 2761 ad
239 2712 416 2761 venustatem
431 2703 492 2779 ipsa
508 2702 652 2760 tractatio.
693 2700 772 2760 Nam
786 2713 816 2764 et
830 2704 919 2780 geml-

129 2800 209 2857 nstio
234 2800 387 2858 verborum
413 2799 500 2857 habet
527 2799 670 2857 interdum
696 2800 765 2871 rim,
791 2798 918 2875 leporem

130 2894 215 2965 ulias3
239 2905 268 2953 et
287 2895 404 2971 paulum
425 2894 605 2953 immutatum
625 2896 745 2954 verbum
765 2905 851 2971 atque
870 2896 918 2953 de·
931 2901 966 2951 ὕ

129 2990 244 3063 flexum,
268 3002 297 3049 et
321 2992 448 3069 ejusdem
469 2992 549 3049 verbi
575 2992 677 3051 crebra
702 3002 763 3049 tum
785 3011 802 3050 a
824 2992 917 3068 primo

129 3087 272 3167 repetitio,
299 3098 361 3148 turn
394 3089 424 3149 in
454 3098 614 3150 extremum
640 3089 799 3166 coprersio,
825 3098 855 3146 ct
886 3087 918 3147 iu
