2184 3575
149 358 241 418 nin]
409 358 471 410 :nn
494 357 656 404 onanosm.
898 340 977 404 ..itt

147 507 363 569 similitudinem
384 507 476 565 verbis
495 507 675 564 dictasunt:
696 513 745 562 aut
757 523 813 579 quo
826 502 933 581 signifi·

150 614 231 661 cetur
257 605 347 681 magis
373 623 418 664 res
445 614 514 674 tota,
542 603 602 660 sivo
628 602 696 660 facti
724 601 854 676 alicujus,
873 601 933 658 sive

149 699 318 770 consilii-ut
338 700 395 770 ille,
410 698 457 774 qui
476 698 671 756 occultantem
689 697 829 766 consulto,
842 715 880 753 ne
894 696 933 768 id,

149 796 226 870 quod
241 806 380 872 ageretur,
396 793 517 870 intelligi
535 803 642 868 posset,
659 793 772 850 dnobus
790 791 935 849 translatis

150 891 244 948 verbis
258 890 444 948 similitudine
458 890 519 966 ipsit
534 890 653 962 indicat,
949 897 966 945 5

166 1037 398 1100 “Quandoquidem
409 1037 455 1084 iste
467 1036 636 1085 circumvestit
647 1037 728 1099 dictis,
738 1037 803 1100 sepit
812 1033 926 1083 sedulo.”

152 1179 369 1254 Nonnunquam
395 1179 482 1238 etiam
509 1180 632 1236 brevitas
657 1179 843 1238 translatione
870 1197 938 1237 con·

153 1275 258 1346 ficitur,
280 1286 312 1332 nt
335 1275 415 1346 illud,
435 1276 495 1332 “Si
519 1275 608 1332 telum
630 1293 718 1332 manu
741 1274 841 1352 sugit.''
882 1275 939 1332 Im-

77 1443 80 1446 ·
153 1371 305 1447 prudentia
332 1371 381 1430 teli
415 1370 511 1428 emissi
545 1371 660 1428 brevius
690 1371 813 1446 propriis
844 1370 955 1429 verbis?

155 1467 258 1544 exponi
290 1486 350 1525 non
381 1467 483 1543 potuit,
511 1485 595 1542 quam
624 1477 668 1524 est
693 1485 752 1525 uno
775 1467 940 1542 significata
954 1474 985 1523 10

154 1564 300 1622 translato.
340 1563 437 1639 Atque
458 1563 514 1620 hoc
535 1563 565 1620 in
584 1580 691 1640 genere
715 1580 843 1638 persaepe
869 1563 940 1620 mihi

154 1659 352 1718 admirandum
366 1659 487 1731 videtur,
501 1659 571 1735 quid
583 1659 630 1730 sit,
644 1659 720 1736 quod
734 1677 835 1716 omnes
851 1667 941 1716 trans-

153 1756 274 1816 latitet
300 1755 400 1815 alienis
421 1755 512 1835 magis
531 1755 710 1816 delectentur
731 1755 833 1830 verbis,
855 1773 940 1833 quam

152 1853 277 1931 propriis
289 1863 318 1911 et
328 1852 399 1913 suis.
954 1864 957 1874 ’

192 2047 259 2109 XL.
291 2048 376 2120 Nam,
389 2050 422 2125 ¹si
442 2068 487 2106 res
500 2069 594 2107 ,suum
621 2068 727 2131 nomen
746 2059 776 2107 et
795 2049 940 2127 proprium
956 2059 987 2107 15

155 2144 326 2201 vocabulum
348 2162 406 2202 non
427 2145 522 2214 hebet,
537 2156 569 2201 ut
582 2166 635 2221 pes
649 2147 678 2202 in
696 2146 772 2219 navi,
786 2156 818 2203 nt
833 2164 939 2217 mcum,

157 2238 231 2314 quod
252 2256 301 2313 per
321 2238 423 2295 libram
444 2240 546 2316 agitur,
562 2250 593 2296 ut
613 2240 642 2296 in
664 2260 752 2298 uxore
771 2241 940 2305 divortium:

157 2332 313 2391 necessitas
333 2334 421 2411 cogit,
443 2335 519 2410 quod
539 2354 598 2391 non
625 2335 741 2409 habens,
763 2336 877 2395 aliunde
897 2356 943 2393 su-

158 2448 252 2487 mere:
273 2429 333 2500 sed,
349 2429 378 2487 in
397 2450 511 2487 suorum
532 2432 682 2489 verborum
704 2432 827 2489 maximi
847 2432 941 2507 copiti,

154 2536 253 2585 tamen
286 2525 416 2583 homines
450 2526 543 2585 aliene
574 2527 666 2585 multo
696 2529 797 2605 magis,
824 2528 848 2585 si
876 2538 942 2586 suttt
956 2541 988 2591 ω

157 2622 267 2680 ratione
281 2623 426 2693 translata,
441 2622 594 2680 delectent.
636 2623 671 2680 ld
691 2624 824 2682 accidere
843 2625 941 2697 credo,

157 2718 201 2777 vel
216 2718 290 2793 quod
305 2718 414 2795 ingeqii
428 2719 574 2795 specimen
594 2730 637 2777 est
650 2720 803 2793 quoddam,
817 2722 941 2779 transili-

158 2832 189 2872 re
216 2824 281 2873 aute
307 2813 394 2890 pedes
425 2814 528 2890 posits,
556 2825 585 2872 et
615 2815 671 2872 alia
703 2816 788 2893 longe
821 2817 942 2892 repetite

158 2928 285 2981 sumere;
319 2911 362 2967 vel
390 2910 466 2985 quod
494 2911 527 2983 is,
552 2911 602 2987 qui
628 2912 717 2983 audit,
742 2913 799 2970 alic
826 2914 940 2971 ducitur

159 3006 342 3083 cogitatione,
361 3025 454 3082 neque
473 3016 568 3065 tamen
590 3008 701 3065 aberrat
721 3008 797 3086 (qun
817 3010 941 3068 maxima
954 3022 987 3072 25

147 3111 201 3161 :est
221 3102 403 3184 delectatio);
425 3100 474 3161 vel.
490 3104 566 3181 quod
586 3104 707 3185 singulis
726 3106 820 3170 verbis
839 3124 886 3165 ros
905 3124 940 3165 ac
