2184 3575
139 283 195 344 170
458 297 502 344 nn
523 297 687 344 onaroan.
878 297 982 360 [une

184 453 213 501 et
233 451 341 502 naturae
367 453 426 516 est3
457 444 545 518 'seire
565 445 635 520 quid
660 444 834 521 quandoque
860 444 973 520 deeset,

181 540 348 618 prudentias.

221 732 298 792 LVI.
321 734 392 828 ¹Sed
413 734 482 794 =haeo
502 735 566 812 ipsa
584 735 682 794 omnia
700 734 821 812 perinde
840 746 916 808 sunt,
937 707 972 795 ut

182 842 313 906 aguntur.
354 831 451 902 Aetio,
466 831 593 906 inquam,
607 831 638 888 in
657 831 783 890 dicendo
803 850 861 891 una
879 833 970 890 domi·

148 923 280 984 ⁵uatur:
302 927 364 984 sine
385 927 440 984 hae
458 935 587 986 summus
599 939 692 987 orator
712 947 776 986 esse
796 929 827 987 in
846 947 968 987 numero
1067 978 1068 991 ,

180 1022 258 1079 nullo
277 1032 387 1098 potest:
412 1022 577 1095 mediocris,
592 1023 647 1081 hao
661 1025 828 1095 instructus,
841 1044 968 1084 summos
1067 1026 1068 1081 3

179 1136 254 1192 saepe
272 1136 415 1193 superare.
456 1117 536 1177 Huic
550 1120 656 1198 primas
669 1121 783 1178 dedisse
796 1121 968 1179 Demosthe·

178 1231 230 1270 nea
244 1213 359 1286 dieitur,
374 1233 440 1273 oum
454 1228 613 1292 rogaretur,
624 1216 693 1291 quid
708 1208 877 1275 indicendo
889 1227 967 1274 esset

175 1310 315 1385 primum3
337 1311 405 1370 huie
419 1314 570 1383 secundm,
585 1313 654 1370 huie
667 1313 774 1371 tertias.
807 1313 879 1376 Quo
892 1314 967 1372 mihi

128 1410 160 1460 10
175 1407 278 1464 melius
303 1408 390 1466 etiam
418 1408 488 1467 illud
516 1410 553 1466 ab
572 1409 713 1466 AEsohine
739 1409 849 1466 dianam
872 1410 966 1468 videri

174 1502 263 1574 solet;
285 1505 343 1578 qui,
358 1523 424 1562 oum
444 1515 560 1582 propter
580 1505 888 1582 ignominiamjudioii
902 1525 966 1564 oes-

174 1598 257 1656 sisset
271 1599 404 1672 Athenis,
416 1611 445 1658 et
458 1619 489 1658 se
503 1599 641 1658 Rhodum
655 1601 834 1674 consuisset,
845 1613 965 1680 rogatus

174 1712 191 1751 a
211 1694 346 1766 Rhodiis,
367 1696 472 1772 legisse
492 1697 582 1754 fertur
602 1698 761 1756 orationem
782 1698 860 1756 illam
880 1698 965 1776 egre·

172 1790 259 1866 giam,
273 1810 357 1866 qnam
378 1792 409 1850 in
430 1793 647 1869 Ctesiphontem
668 1805 770 1853 eontra
789 1794 965 1853 Demosthe·

125 1892 156 1940 15
171 1904 236 1943 uem
258 1887 383 1946 dixerat:
418 1890 475 1965 qud
501 1890 637 1967 perlecti,
657 1891 778 1967 petitum
804 1901 848 1949 est
868 1894 904 1949 ab
923 1910 963 1949 eo
1068 1895 1069 1898 ’

170 1982 317 2058 postridie,
331 1994 363 2043 ut
380 1985 489 2063 legeret
502 1986 581 2043 illam
595 1985 692 2059 etiam,
706 2006 770 2061 quae
784 1998 845 2045 erat
858 1999 963 2047 eontra

171 2098 187 2138 a
200 2079 396 2139 Demosthene
408 2101 461 2154 pro
472 2082 664 2159 'Ctesiphonte
676 2083 770 2141 edita:
791 2103 876 2159 quam
887 2104 962 2143 oum

168 2177 336 2235 suavissimi
350 2188 380 2235 et
393 2180 517 2236 maximd
527 2198 600 2237 rone
611 2180 739 2257 legisset,
751 2181 961 2241 admirantibus

167 2274 309 2347 omnibus,
323 2274 454 2347 Quanto,
468 2263 571 2351 inquit,
586 2278 677 2353 magis
695 2276 918 2349 admiraremini,
932 2278 961 2336 ai

119 2368 320 2427 waudraeus
354 2372 470 2447 ipsum?
502 2372 548 2431 Ex
580 2391 638 2448 quo
670 2373 740 2431 satis
772 2373 959 2451 significarit,
1068 2391 1069 2430 1

167 2476 305 2538 quantum
323 2477 398 2525 esset
412 2467 442 2526 in
457 2468 582 2540 notione,
596 2468 646 2543 qui
660 2469 819 2527 orationem
833 2469 958 2529 eandem

168 2560 252 2618 aliam
267 2580 330 2621 esse
343 2574 465 2639 putaret,
480 2574 579 2623 aotore
591 2575 711 2624 mutato.
820 2612 823 2619 .

205 2656 286 2719 Quid
302 2659 355 2717 suit
369 2660 399 2719 in
412 2660 549 2719 Graccho
556 2661 659 2737 (quem
671 2671 715 2734 tu,
725 2662 839 2735 Catule,
850 2663 958 2722 melius

165 2754 346 2834 meministi),
361 2757 447 2831 quod,
466 2774 513 2815 me
532 2775 632 2835 puero,
646 2768 794 2835 tantopere
807 2760 956 2818 ferretur?

116 2852 148 2903 ts
165 2849 263 2912 “Quo
282 2869 329 2909 me
347 2852 433 2911 miser
448 2852 616 2912 conseramt
635 2874 693 2931 quo
706 2858 834 2915 vertam?
854 2856 885 2914 in
898 2856 959 2915 Ca·

164 2944 353 3021 pitoliumnet
387 2958 415 3005 at
435 2948 530 3005 fratris
556 2951 698 3027 sanguine
723 2950 881 3010 redundat:
916 2971 956 3011 an

165 3040 300 3100 domum?
327 3052 486 3102 matremne
499 3032 531 3102 ut
544 3045 957 3125 miseram-lamentantemque
