2184 3575
154 327 234 388 un]
435 329 478 376 nn
501 308 664 376 ominus.
947 313 988 371 ⁷7

194 475 252 534 His
284 484 378 534 autem
411 476 509 535 formis
543 487 628 553 atque
659 473 838 551 corporibus,
864 473 939 532 deut

153 573 287 632 omnibus
306 591 368 648 quae
389 574 442 630 sub
463 584 609 649 aspectum
628 571 756 642 veniunt,
772 569 939 628 admonetur

155 668 293 726 memorIa
312 679 418 740 nostra,
433 679 518 743 atque
538 669 695 726 excitatur:
717 667 767 724 sed
781 666 854 724 loeis
867 684 939 740 opus

154 773 214 820 est:
232 765 340 822 etenim
351 782 456 840 eorpus
470 764 591 842 intelligi
604 765 668 827 aine
680 764 747 820 loeo
756 781 816 820 non
828 770 938 838 potest:

152 877 251 934 quare,
271 879 308 918 ne
329 860 358 918 in
378 879 409 917 re
436 859 503 917 noti
530 870 560 917 et
585 859 761 936 pervulgati
778 858 884 915 multus
909 866 971 914 et5

144 953 280 1034 Insolens
299 955 362 1027 dm,
383 955 455 1012 loeis
475 965 518 1012 est
538 956 676 1013 utendum
697 955 803 1026 multis,
824 953 939 1021 illustri·

152 1049 216 1122 bus,
237 1051 395 1126 explicatis,
415 1051 537 1109 modieis
564 1052 735 1122 intervallis;
759 1050 937 1128 imaginibus

150 1156 248 1204 autem
270 1147 428 1224 agentibuS,
444 1147 568 1219 aeribus,
585 1147 740 1224 insignitis,
753 1165 816 1222 quse
836 1165 938 1204 oemu-

151 1259 225 1315 rere,
255 1242 442 1317 eeleriterque
473 1252 625 1318 pereutere
659 1242 785 1300 animum
817 1241 936 1318 possint.

72 1389 75 1398 .
144 1335 250 1398 ‘Quam
272 1336 435 1396 facultatem
456 1347 485 1394 et
503 1337 672 1395 exercitatio
698 1336 794 1407 dabit;
822 1355 858 1394 ex
880 1337 937 1412 qud
954 1349 985 1398 10

152 1433 485 1510 eonsuetudogignitu13
507 1443 535 1490 et
549 1432 684 1490 similium
699 1433 848 1490 verborum
869 1451 938 1490 con·

149 1547 233 1589 tersa
243 1537 274 1586 et
287 1520 435 1588 immutata
454 1530 579 1601 casibus,
594 1539 643 1587 aut
662 1525 795 1587 traducta
808 1547 844 1585 ex
856 1538 937 1605 purte

147 1624 188 1683 ad
207 1643 298 1702 genus
318 1627 435 1700 notatio,
449 1635 487 1698 et,
502 1626 588 1684 nnius
600 1625 680 1684 verbi
698 1624 834 1702 imagine,
847 1625 936 1682 totius

145 1721 299 1780 ¹sententiae
319 1721 489 1795 informatio,
510 1722 629 1800 pictoris
656 1721 805 1799 eujusdam
831 1720 935 1778 summi

146 1818 261 1876 natione
280 1829 309 1877 et
328 1820 423 1893 modo,
444 1819 598 1878 formarum
618 1819 754 1878 varietate
779 1818 861 1879 locos
875 1818 938 1878 uis-
952 1830 983 1879 15

145 1913 315 1993 tinguentia

189 2106 390 2167 LXXXVIII.
422 2110 480 2167 Sed
513 2112 663 2168 verborum
697 2111 844 2181 memoria,
871 2128 934 2186 quae

149 2201 245 2259 minue
268 2212 312 2260 est
338 2204 421 2261 nobis
448 2205 621 2277 necessaria,
642 2196 750 2282 majore
777 2205 935 2283 imaginum

149 2296 285 2356 varietate
305 2298 504 2376 distinguitur:
529 2300 619 2358 multa
645 2302 722 2359 enim
749 2311 815 2359 sunt
837 2301 966 2373 verba-³.

147 2412 220 2470 quae,
241 2394 323 2469 quasi
344 2395 466 2468 articuli,
486 2403 663 2454 connectunt
683 2387 811 2455 memb'ra
830 2397 934 2455 matio-
948 2405 979 2455 2⁰

147 2488 202 2561 nis,
229 2508 292 2566 quae
320 2490 434 2549 formari
468 2482 656 2549 similitudine
688 2491 768 2549 nulld
795 2503 931 2568 possunt:

147 2602 247 2643 eorum
273 2586 414 2663 lingendae
440 2575 537 2645 nobis
553 2597 620 2645 sunt
652 2587 802 2666 imagines,
828 2588 933 2664 quibus

146 2700 258 2759 semper
284 2692 405 2741 utamur.
446 2682 559 2741 Rerum
585 2683 864 2760 memoriapmpria
890 2694 933 2741 est

146 2778 298 2837 oratoriae
318 2796 391 2851 eam,
419 2778 539 2857 singulis
565 2779 696 2855 personis
722 2780 796 2837 bene
821 2780 931 2855 positis,

146 2882 248 2931 notare
270 2892 429 2951 possumus,
450 2882 483 2933 ut
502 2875 660 2935 sententias
683 2875 867 2954 imaginibus,
887 2893 933 2935 or·
946 2886 978 2936 ὕ

146 2967 243 3027 dinem
267 2969 350 3042 louis,
375 2971 659 3047 comprehendamus.
700 2971 805 3048 Neque
833 2990 931 3031 varum

143 3073 199 3139 est,
220 3066 296 3140 quod
323 3066 360 3125 ab
379 3065 518 3125 luentibus
544 3068 662 3141 dieitur,
685 3069 808 3146 opprimi
827 3086 931 3126 meme

379 3164 398 3220 7
410 3161 427 3197 Ι
