2184 3575
126 347 218 409 uin]
407 348 451 396 on
472 347 636 394 onrrons.
920 333 963 392 tt

126 495 213 573 hujus
239 497 369 554 oratione
395 495 510 554 Catulil
526 511 527 514 ’
545 513 608 570 qure
635 504 680 552 est
703 512 777 571 pure
801 491 855 566 sio,
881 500 915 550 ut

126 591 232 650 Latine
257 591 335 667 loqui
360 610 442 668 piene
471 591 549 649 solus
575 591 715 662 videatur,
741 590 786 648 sie
818 599 914 650 eutem

127 688 231 765 gravis,
255 698 286 746 ut
312 688 342 747 iu
369 688 507 765 singulari
534 687 674 764 dignitate
700 687 795 744 omnis
817 696 914 744 tumen

128 785 202 842 adsit
222 785 384 844 humanitus
405 801 439 842 te
458 785 546 860 lepos.
587 784 670 846 Quid
692 784 801 849 multet
828 783 914 840 istum

128 881 248 938 audiens
261 881 396 956 equidem
410 881 453 938 sie
464 880 596 957 judicare
607 881 698 952 soleo,
712 878 850 955 quidquid
865 889 915 938 uut
929 884 949 934 5

127 977 281 1048 addideris,
298 987 346 1034 aut
360 977 522 1048 mutaveris,
539 987 587 1033 aut
607 977 773 1047 detraxeris,
781 976 915 1034 ,vitiosius

127 1084 156 1130 et
173 1073 302 1130 deterius
323 1074 457 1132 futurum.
507 1073 590 1135 Quid
610 1084 707 1131 noster
727 1073 776 1133 hio
796 1073 914 1130 Cesnrl

126 1186 225 1226 nonne
247 1187 350 1227 novam
374 1169 514 1244 quendum
539 1169 680 1228 rationem
704 1169 798 1231 attulit
810 1168 917 1226 oratio·

127 1265 183 1332 nis,
204 1275 234 1323 et
253 1265 369 1322 dicendi
389 1284 481 1342 genus
501 1265 614 1323 induxit
636 1283 725 1341 prope
750 1264 914 1341 singultiret

127 1359 206 1423 Quis
226 1379 351 1436 unquam
371 1380 426 1433 res,
447 1371 550 1437 praeter
577 1362 664 1432 hunc,
684 1361 812 1438 tragicus
834 1378 915 1436 pene
930 1369 965 1421 10

128 1459 251 1528 comice,
271 1459 366 1516 tristes
386 1458 514 1529 remisse,
535 1476 648 1516 severus
668 1457 768 1528 hilare,
788 1456 915 1514 forenses

129 1553 248 1612 scenice
265 1572 354 1629 prope
372 1565 529 1625 venustate,
543 1553 693 1623 tractas-in
714 1563 800 1627 utque
820 1553 869 1622 ita,
883 1562 915 1610 ut

127 1667 221 1724 neque
245 1650 329 1726 joeus
356 1651 553 1728 magnitudine
580 1669 674 1708 rerum
704 1649 914 1720 excluderetur,

128 1765 197 1806 neos
209 1749 333 1827 gravitas
360 1749 471 1809 facetiis
497 1749 694 1807 minueretnrl
740 1744 820 1806 Eece
846 1765 916 1823 pre·

128 1855 223 1903 sentes
248 1846 306 1903 duo
328 1864 418 1922 prope
440 1847 574 1922 equales,
598 1844 744 1922 Sulpicius
765 1855 796 1902 et
819 1844 913 1902 Cotta.
931 1851 964 1902 15

127 1940 209 2004 Quid
231 1952 290 1999 tam
314 1942 388 2000 inter
411 1960 442 1999 se
464 1942 623 1999 dissimilet
654 1941 723 2016 quid
746 1950 804 1997 turn
819 1940 916 1999 iusuo

128 2054 233 2113 genere
252 2040 409 2113 praestuur'l
433 2038 550 2095 limatus
571 2037 641 2094 ulter
661 2046 691 2093 et
710 2035 833 2106 subtilis,
853 2054 915 2095 rem

127 2133 275 2209 explicans
307 2132 430 2208 propriis
463 2133 592 2208 aptisque
624 2132 734 2189 verbis:
768 2128 858 2189 heret
884 2131 916 2190 in

129 2228 217 2286 causti
244 2246 365 2302 semper,
389 2236 428 2297 et,
452 2228 520 2301 quid
544 2227 636 2303 judici
652 2226 854 2301 *probandum*
867 2226 915 2298 sit,
975 2304 983 2309 ⁸

129 2342 196 2381 eum
211 2323 375 2381 acutissime
389 2322 474 2393 vidit,
482 2322 593 2380 omissis
607 2322 711 2380 ceteris
722 2318 914 2399 'argumentie
930 2326 964 2377 w

128 2418 159 2477 in
179 2438 214 2477 eo
234 2428 357 2475 mentem
379 2418 720 2496 orationemquedefigit.
769 2418 915 2495 Sulpicius

129 2526 235 2587 nutem,
250 2514 403 2573 fortissimo
417 2514 538 2589 quodem
554 2514 640 2572 enimi
654 2514 772 2591 impetu,
785 2515 916 2591 plenissi-

128 2612 176 2670 md
189 2623 219 2669 et
238 2611 363 2670 maximi
383 2629 463 2681 voce,
477 2610 590 2668 summa
609 2611 796 2669 contentione
814 2630 915 2689 corpo·

127 2708 177 2780 ris,
204 2718 233 2767 et
259 2707 399 2785 dignitate
426 2706 529 2777 motuis,
557 2708 708 2764 verborum
739 2725 853 2783 quoque
878 2708 915 2767 er

129 2805 266 2881 gravitate
293 2814 322 2861 et
349 2803 433 2879 copiti
457 2812 512 2875 est,
537 2812 569 2859 ut
595 2821 670 2861 unus
697 2804 733 2862 sd
759 2803 914 2863 dicendum
929 2814 962 2865 ὕ

129 2898 367 2959 instructissimus
382 2918 398 2957 e
411 2898 514 2957 nature
527 2918 591 2959 esse
604 2899 741 2958 videntur.

168 3090 222 3151 IX.
254 3092 302 3152 Ad
321 3091 511 3170 nosmetipsos
531 3092 591 3171 jum
610 3104 752 3168 revertorr
780 3094 914 3173 timim
