2184 3575
111 370 192 430 um]
394 366 437 417 uu
461 366 623 417 omrottu
904 352 945 417 29

112 518 183 589 culi,
198 517 338 577 vulnerari
351 517 466 588 volunt;
488 518 607 575 miserae
621 515 703 574 illudi
716 514 827 589 uolunt,
841 514 898 576 uiui

111 616 139 672 si
153 634 184 673 re
198 614 267 672 forte
285 615 403 692 jactant.
445 614 625 671 Parcendum
640 623 684 670 est
698 623 792 671 autem
811 614 899 672 maxi-

111 730 162 768 me
182 711 292 769 caritati
312 710 471 782 homiuum,
491 728 529 768 ue
552 720 660 768 temere
680 709 711 767 iu
730 728 781 768 eoa
807 710 899 783 dieas,

111 806 163 882 qai
177 806 341 885 diliguntur.

149 999 230 1059 LIX.
262 1000 336 1059 Haee
357 1000 444 1078 igitur
473 998 635 1059 adhibenda
660 1010 705 1058 est
723 998 845 1077 primum
867 999 929 1058 ine

105 1096 233 1173 jocando
253 1098 421 1155 moderatio.
462 1096 563 1173 Itaque
583 1114 618 1155 ea
637 1093 773 1155 facillime
795 1098 899 1155 ludun-

109 1203 167 1263 tur,
182 1212 245 1267 quae
265 1212 358 1267 neque
378 1193 446 1251 odio
466 1212 580 1270 magno,
594 1206 688 1268 neque
701 1193 897 1251 misericordia

110 1288 247 1359 maxime,
281 1288 369 1365 digna
399 1298 476 1345 sunt.
531 1288 730 1349 Quamobrem
764 1290 897 1347 materies

105 1383 206 1440 amnis
227 1382 413 1441 ridiculorum
433 1384 520 1441 estin
535 1384 597 1441 istis
609 1383 695 1456 vitiis,
710 1400 772 1459 quaa
786 1395 852 1442 sunt
866 1386 895 1442 in

105 1479 171 1535 uita
185 1480 332 1537 hominum
347 1498 439 1555 neque
454 1498 597 1551 carorum,
612 1498 705 1555 neque
719 1480 945 1537 calamitoso-10

105 1594 185 1646 rum,
200 1594 292 1650 neque
306 1594 404 1633 eorum
423 1576 472 1651 qui
486 1576 523 1633 ob
536 1575 649 1633 facinus
670 1576 705 1633 ad
725 1576 899 1652 suppiieiuur

105 1671 240 1747 rapiendi
254 1672 401 1742 videntum
423 1689 523 1747 eaque,
538 1672 613 1730 belle
628 1673 743 1750 agitata,
758 1672 898 1731 ridentur.-

109 1767 164 1826 Est
184 1769 269 1827 etiam
291 1768 486 1841 deformitatis,
506 1779 534 1828 et
555 1769 683 1846 eorporis
696 1770 839 1843 vitiorum,
854 1789 901 1829 aa·

107 1865 148 1922 tis
174 1865 250 1924 betia
270 1865 403 1923 materies
424 1866 458 1924 ad
476 1865 650 1942 jocandum:
672 1866 723 1923 sed
743 1867 900 1941 quaerimus

111 1961 197 2034 idem,
212 1963 288 2036 quod
303 1963 332 2020 in
353 1961 457 2019 ceteris
474 1963 560 2020 rebus
574 1959 698 2020 maxime
712 1964 895 2037 querendum
910 1968 943 2022 15

111 2067 164 2128 eat,
180 2059 329 2133 quatenus.
369 2058 403 2114 In
425 2076 492 2132 quo,
507 2076 566 2115 uon
579 2058 667 2115 mode
682 2057 752 2115 iliud
766 2059 895 2134 precipi-

110 2164 167 2225 tur,
187 2171 225 2210 ne
253 2153 321 2227 quid
348 2153 464 2224 insulse,
489 2153 539 2210 sed
567 2153 662 2226 etiam,
689 2153 714 2210 ai
741 2153 808 2229 quid
835 2172 898 2229 per·

110 2247 234 2311 ridicuie
251 2247 359 2324 possis:
381 2247 527 2306 vitandum
548 2259 592 2305 eat
611 2249 718 2306 oratori
734 2260 895 2323 utrumque,

110 2363 149 2402 ne
173 2354 221 2402 aut
244 2343 372 2400 scurrilis
393 2343 476 2419 joeun
500 2343 546 2415 eit,
566 2353 615 2401 aut
639 2344 779 2401 mimicus.
819 2343 896 2406 Quae

111 2439 272 2517 eujusmodi
296 2439 362 2510 sint,
384 2438 497 2496 facilius
521 2439 580 2515 jam
607 2439 808 2516 intelligemus,
829 2461 895 2500 eum
909 2440 942 2490 m

112 2537 148 2594 ad
163 2537 224 2612 ipra
237 2535 423 2593 riffieuiorum
437 2553 543 2612 genera
557 2535 727 2594 venerimus.

151 2633 218 2691 Duo
245 2631 321 2690 ertim
348 2641 415 2689 sunt
442 2650 550 2708 genera
573 2632 750 2705 facetiarum,
775 2652 895 2709 quorum

112 2730 231 2788 alterum
258 2747 290 2786 re
311 2739 464 2798 tractatur,
494 2730 613 2786 alterum
646 2727 732 2788 dieto.
786 2730 844 2804 Re,
871 2731 896 2788 ai

111 2828 225 2902 quando
240 2826 463 2901 quid,¹tanquam
480 2825 575 2901 aliqua
588 2826 701 2898 fabella,
713 2838 853 2899 narratur,
865 2838 897 2885 ut

110 2923 178 2982 olim
197 2933 238 2995 tu,
253 2923 411 2994 Crasse,'iu
430 2921 613 2995 Memmium,
629 2929 648 2956 ‘⁴
658 2923 817 2983 comedisse
830 2943 896 2982 eum
909 2927 942 2977 25

111 3020 251 3078 lacertum
269 3019 397 3098 Largii,'’
414 3039 480 3077 eum
499 3017 574 3078 ee'eet
592 3039 659 3080 eum
678 3038 713 3078 eo
724 3021 897 3080 Tarracina

103 3115 148 3174 rie
163 3115 287 3174 amicula
300 3116 424 3175 rixatus:
446 3115 529 3190 aulea,
545 3126 670 3176 attamen
685 3128 742 3177 ate
753 3117 818 3194 ‘ipso
829 3115 898 3174 fiete

346 3209 393 3270 3·
