2184 3575
132 309 223 368 nm]
411 307 453 355 nn
474 307 638 354 corrone
902 296 960 355 1⁰3

131 457 186 530 nis,
207 475 265 516 non
283 455 447 532 perturbato
467 454 576 512 ordine.
624 451 705 516 Quid
726 453 833 512 multat
854 463 913 513 tom

133 554 226 612 facilis
251 563 294 610 est
319 562 378 610 tota
403 571 457 624 res,
485 561 517 609 ut
547 551 618 608 mihi
650 550 805 628 permirum
838 569 914 626 sepe

133 651 270 721 videatur,
285 668 351 708 cum
372 649 516 717 difficilius
537 647 804 724 intelligatur‚quid
820 658 915 724 patro-

133 765 188 804 nus
201 746 268 804 velit
280 745 388 816 dicere,
401 763 486 820 quem
505 744 530 802 si
550 744 610 820 ipse
629 743 687 815 ille,
700 743 750 818 qui
762 753 913 820 patronum

135 841 258 912 adhibet,
281 840 317 898 de
340 859 371 896 re
392 839 444 896 sud
465 839 582 899 diceret.
622 838 675 896 lsti
696 839 783 911 enim,
805 838 854 912 qui
878 838 945 896 nd5

133 953 186 994 nos
213 955 314 994 causas
341 935 482 1006 deferunt,
510 935 550 994 ita
575 954 628 992 nos
660 935 827 1010 plerumque
859 934 915 1010 ipsi

132 1033 247 1104 docent,
262 1042 293 1090 nt
310 1051 368 1089 non
389 1031 532 1090 desideres
551 1031 664 1107 planius
682 1031 749 1090 dici.
790 1030 915 1090 Eosdem

133 1147 179 1186 res
200 1139 293 1186 sutem
317 1127 401 1186 simul
422 1146 456 1186 ac
475 1127 590 1199 Fusius,
612 1137 660 1184 aut
681 1137 773 1185 vester
798 1127 925 1202 equalis·

134 1222 418 1299 Pomponiuspngere
439 1222 534 1298 coepit,
548 1241 607 1283 nou
621 1240 710 1298 seque,
724 1222 793 1298 quid
806 1222 915 1295 dicent,

134 1317 191 1378 nisi
211 1318 363 1376 admodum
384 1318 501 1390 attendi,
516 1318 660 1394 intelligo:
682 1316 722 1377 ito
741 1318 861 1378 confusa
872 1327 917 1376 est
930 1325 961 1375 lt)

135 1413 236 1485 oratio,
251 1412 291 1472 ita
309 1415 481 1490 perturbata,
499 1413 569 1470 nihil
591 1423 622 1470 ut
641 1413 678 1470 sit
697 1414 829 1488 primum,
844 1415 915 1483 nibil

135 1519 167 1568 ut
199 1509 372 1580 secundum3
412 1519 547 1584 tantaque
581 1509 733 1566 insolentia
766 1529 800 1568 uc
833 1510 917 1575 turbe

134 1605 293 1677 verborum,
309 1616 340 1662 ut
360 1605 460 1676 oratio,
478 1624 540 1680 quae
560 1605 657 1662 lumen
677 1605 811 1662 adhibere
831 1606 917 1662 rebus

134 1701 229 1774 debet,
244 1719 278 1759 ea
290 1701 492 1761 obscuritatem
512 1708 540 1758 et
560 1702 693 1759 tenebras
709 1702 817 1773 efferat,
832 1711 916 1778 atque

134 1808 167 1856 ut
181 1798 389 1875 quodammodo
410 1796 463 1874 ipsi
483 1796 537 1856 sibi
558 1797 588 1856 iu
609 1798 732 1856 dicendo
751 1799 916 1873 obstrepere
931 1804 963 1853 15

133 1894 290 1959 videantur.
330 1894 447 1967 Verum,
462 1894 485 1951 si
498 1894 603 1969 placet,
618 1894 752 1969 quonium
771 1895 833 1965 haec
846 1895 916 1955 sctis

134 2007 226 2069 spero,
242 1988 321 2047 vobis
341 1989 456 2063 quidem
476 2000 555 2046 certe
575 1990 737 2065 majoribus,
756 1989 917 2049 molestaet

133 2085 233 2162 putida
257 2084 358 2155 videri,
385 2085 421 2143 ed
453 2084 563 2159 reliqua
595 2084 740 2159 aliquanto
773 2084 918 2143 odiosiora

133 2198 293 2259 pergemus.

173 2371 255 2431 XIV.
287 2372 377 2447 Atqui
410 2372 498 2444 vidos,
532 2372 625 2448 inquit
660 2372 816 2445 Antonius,
849 2390 916 2432 cnm
930 2372 973 2423 2⁰¹

135 2468 269 2529 olitores
290 2488 416 2547 agamus,
437 2487 521 2544 quum
542 2477 571 2527 te
591 2469 673 2528 inriti
692 2469 850 2541 audiamus,
866 2470 916 2545 qui

135 2566 239 2625 udduci
258 2584 417 2644 possumus,
433 2564 483 2642 (de
496 2584 542 2623 me
556 2565 633 2641 enim
653 2565 793 2645 conjicio)
808 2565 916 2624 relictis

134 2672 166 2720 ut
179 2662 263 2722 robus
283 2662 415 2720 omnibus
434 2672 463 2719 te
481 2671 634 2733 sectemur,
648 2671 677 2719 te
691 2660 854 2719 audiamus:
876 2661 917 2719 its

134 2758 171 2817 do
190 2757 313 2817 horridis
338 2758 423 2816 rebus
449 2758 550 2830 nitida,
574 2759 610 2815 de
634 2756 740 2835 jejunis
764 2757 859 2835 plena,
879 2756 916 2815 ds

133 2853 305 2933 pervulgatis
318 2872 392 2913 nova
405 2854 533 2928 quedem
547 2863 591 2912 est
604 2854 696 2913 oratio
709 2863 766 2913 tue
929 2856 962 2909 25

173 2948 286 3008 Faciles
305 2950 393 3022 enim,
414 2948 513 3024 inquit,
533 2950 656 3021 Antoni,
675 2960 771 3026 partes
792 2968 835 3008 ere
857 2947 917 3008 sne·

133 3054 202 3111 runt
226 3045 300 3121 due,
325 3064 396 3125 quus
420 3044 506 3117 modo
540 3046 717 3123 percucurri,
743 3046 787 3106 vel
819 3045 916 3124 potius
