2184 3575
112 342 213 405 ¹rarus]
393 341 447 398 ¹os:
468 339 633 391 oneroso.
897 327 955 386 177

121 492 157 550 ab
177 491 240 567 ipsa
260 491 446 552 contentione
464 491 618 550 revocabit.
660 488 713 548 Est
726 488 794 546 ltanr
807 500 909 546 contra

121 589 264 662 quoddam
290 589 321 646 in
349 588 517 646 remissione
550 587 760 664 gravissimum,
784 602 907 660 quoque,

122 696 257 760 tanquam
278 703 412 744 sonorum
436 684 582 760 gradibus,
602 683 794 741 descenditur.
834 681 909 738 Hec

122 783 252 854 varietas,
268 793 297 842 et
317 782 365 840 hic
379 800 429 858 per
443 801 544 840 omues
557 799 644 840 sonos
657 779 736 838 vocis
756 796 866 849 cursus,
880 787 911 834 st

122 897 153 934 se
173 877 308 948 tuebitur,
329 888 358 935 et
379 875 487 934 actioni
514 877 613 934 afferet
632 875 809 933 suavitatem.
849 872 941 929 Sedu

118 972 307 1030 fistulatorem
319 971 397 1028 dorni
411 970 578 1045 relinquatis
586 991 593 1040 ;
614 989 731 1028 sensuro
744 969 828 1044 hujus
842 985 910 1024 con·

122 1067 283 1125 suetudinis
296 1067 444 1126 vobiscum
459 1067 495 1124 ad
509 1066 602 1124 forum
615 1065 759 1124 deferetis.

162 1163 258 1233 Edidi,
281 1183 344 1238 quae
369 1163 460 1238 potui,
483 1181 541 1220 non
569 1173 601 1219 ut
620 1162 707 1233 volui,
728 1161 778 1219 sed
805 1170 837 1218 ut
862 1179 909 1217 me

123 1259 258 1334 temporis
279 1259 417 1335 angustiae
438 1262 604 1334 co'e'gerunt.
646 1258 757 1315 Scitum
776 1267 819 1314 est
832 1256 910 1313 enirn

125 1373 240 1412 causam
255 1355 387 1412 conferre
401 1355 431 1411 iu
446 1366 569 1430 tempus,
583 1373 650 1412 curn
667 1353 767 1411 afferre
780 1352 871 1429 plura,
886 1351 910 1409 si
926 1361 958 1410 10

124 1451 233 1527 cupias,
249 1469 307 1508 non
322 1469 418 1526 queas.

164 1547 213 1604 Tu
222 1565 299 1618 ver0,
309 1547 401 1622 inquit
412 1547 542 1620 Catulus,
553 1545 694 1624 collegisti
705 1546 801 1604 omnia
812 1545 913 1621 (quan-

124 1653 185 1700 tum
199 1662 254 1720 ego
267 1662 382 1719 possum
401 1644 545 1722 judicare)
562 1644 602 1701 ita
615 1643 762 1713 divinitus,
777 1651 881 1699 utnon
895 1661 912 1700 a

124 1741 234 1798 Graecis
249 1740 393 1812 didicisse,
405 1741 454 1798 sed
469 1759 519 1799 eos
533 1740 610 1817 ipsos
624 1739 686 1797 haec
700 1739 805 1797 docere
817 1757 910 1815 posse,

124 1837 247 1895 videare.
289 1836 340 1895 Me
359 1838 475 1912 quidem
494 1836 577 1894 istius
591 1835 731 1892 sermonis
743 1835 910 1911 participem
928 1839 960 1887 15

126 1934 232 1991 lactum
253 1952 315 1991 esse
336 1934 464 2010 gaudeo:
487 1953 520 1990 ac
534 1933 646 2004 vellem,
662 1941 692 1989 ut
712 1950 794 1988 meus
813 1950 911 2008 gener,

125 2030 230 2087 sodalis
245 2040 320 2101 tuus,
336 2030 520 2101 Hortensius,
536 2029 678 2099 affuisset3
698 2047 782 2103 quem
796 2028 912 2102 quidem

126 2143 181 2202 ego
196 2126 309 2184 confido
330 2125 464 2183 omnibus
486 2125 546 2182 istis
566 2124 708 2196 laudibus,
721 2143 791 2200 quas
805 2133 836 2180 tu
850 2141 912 2180 ora·

127 2221 205 2279 tione
227 2221 391 2297 complexus
412 2240 452 2291 es,
467 2221 654 2279 excellentem
669 2220 736 2279 fore.
777 2219 815 2276 Et
829 2219 913 2276 Cras-

127 2337 185 2388 sus,
207 2316 334 2374 “Fore'’
356 2318 449 2375 dicisl
477 2317 585 2392 inquit:
613 2335 668 2394 ego
688 2335 753 2373 vero
772 2335 835 2373 essa
853 2316 960 2392 jamm

125 2414 235 2490 judice,
263 2424 292 2470 et
319 2423 380 2470 tum
404 2414 540 2489 judicavi,
561 2432 638 2485 cum,
659 2431 705 2471 me
733 2412 912 2483 consulein

128 2520 229 2568 senatu
250 2529 364 2568 causam
386 2510 514 2567 defendit
528 2509 646 2581 Afriuae,
660 2528 806 2585 nuperque
826 2509 912 2567 etiam

128 2606 229 2684 magis,
240 2626 305 2664 cum
316 2625 368 2682 pro
379 2606 519 2682 Bithyniae
529 2625 596 2682 rege
606 2606 684 2662 dixit.
714 2605 912 2666 Quamobrem

128 2714 207 2761 recte
226 2702 313 2773 vides,
328 2701 447 2759 Catule:
469 2702 540 2759 nibil
562 2702 638 2759 enim
660 2701 706 2758 isti
727 2700 910 2772 adolescenti,

129 2817 222 2872 neque
237 2798 369 2857 aucturis
389 2816 482 2873 neque
504 2818 520 2857 a
540 2797 682 2867 doctrine,
697 2798 796 2854 deesse
811 2798 912 2855 sentio.
928 2806 961 2855 25

129 2894 200 2956 Quo
220 2895 310 2971 magis
330 2905 373 2952 cst
393 2894 455 2965 tibi,
469 2895 566 2965 Cotta,
584 2903 613 2951 et
632 2893 695 2965 tibi,
711 2891 831 2969 Sulpici,
845 2894 915 2971 sigi·

129 2990 246 3047 landum
261 3010 295 3049 ac
308 2990 511 3048 laborandum:
533 3010 591 3048 non
605 2990 682 3048 enirn
700 2991 748 3048 ille
762 2990 914 3048 mediocris

130 3094 224 3145 orator
237 3095 336 3145 rastra
351 3086 431 3163 quasi
444 3085 602 3144 succrescit
616 3086 710 3144 retati:
731 3085 782 3143 sad
795 3095 824 3144 et
835 3086 914 3162 inge·
