2184 3575
139 354 220 417 nn]
331 360 334 367 ’
419 360 463 408 nn
483 360 646 408 omnum.
924 350 964 409 ω

139 521 176 561 ex
201 522 237 562 eo
262 524 379 587 genere,
392 508 577 585 gignuntur.>
610 508 688 566 Nam
714 518 744 566 et
770 518 918 580 attentum,

140 612 258 659 monent
282 604 378 661 Grreci
402 615 433 662 ut
452 605 594 682 principio
620 606 758 663 faciamus
781 605 918 682 judicem,

141 706 170 753 et
189 697 325 769 docilem;
354 720 417 775 quae
436 711 502 759 aunt
522 702 613 774 utilia,
633 701 682 759 aed
702 720 760 758 non
786 701 920 777 principii

141 793 230 869 magis
248 796 372 872 propria,
386 816 471 872 quam
486 797 659 871 reliquarum
672 796 809 873 partium3
832 796 921 853 facili·

140 906 190 947 ora
215 891 300 948 etiam
328 890 358 949 in
384 892 540 969 principiis,
569 894 645 969 quod
672 903 701 951 et
728 893 829 950 attenti
859 902 950 950 tum5

138 986 260 1043 maxime
280 998 355 1059 sunt,
371 1006 437 1047 cum
454 990 554 1048 omnia
573 999 747 1064 exspectant,
764 1000 793 1046 et
812 990 920 1047 dociles

138 1081 229 1157 magis
262 1082 361 1145 initiia
384 1103 446 1143 esse
477 1095 605 1160 possunt.
658 1085 817 1142 Illustriora
841 1085 919 1142 enim

137 1189 213 1247 sunt,
240 1196 303 1252 quae
330 1178 359 1236 in
384 1178 543 1255 principiis,
567 1198 652 1255 quam
678 1196 741 1255 que
764 1180 795 1237 in
818 1180 918 1237 mediis

139 1273 243 1345 causis,
264 1274 408 1347 dicuntur,
430 1285 478 1333 aut
504 1276 660 1351 arguendo,
673 1286 729 1336 'aut
755 1274 910 1333 refellendo

178 1368 307 1427 Maxima
320 1380 414 1429 autem
425 1370 509 1447 copia
518 1371 734 1447 principiorum,
746 1371 781 1429 ad
792 1370 919 1446 judicem
934 1384 965 1433 1⁰

140 1475 189 1523 aut
223 1465 407 1524 alliciendum
437 1476 486 1523 aut
511 1466 699 1539 incitandum,
725 1486 762 1525 ex
787 1468 823 1524 iis
848 1467 920 1525 locis

139 1560 268 1633 trahitur,
290 1562 339 1637 qui
360 1562 395 1619 ad
415 1572 509 1620 motus
536 1562 695 1620 animorum
723 1563 920 1621 conficiendos

139 1656 254 1715 inerunt
267 1657 296 1715 in
306 1658 419 1730 ·causb;
437 1677 509 1733 quos
528 1668 624 1717 tamen
643 1669 719 1717 totos
733 1658 763 1717 in
776 1659 919 1735 principio

110 1776 115 1791 ·
138 1754 274 1831 explicari
287 1774 344 1814 non
357 1754 506 1832 oportebit,
518 1755 568 1814 aed
582 1764 693 1814 tantum
706 1756 814 1833 impelli
825 1756 919 1834 primo

136 1852 263 1929 judicem
272 1853 380 1926 leviter,
392 1864 423 1911 ot
434 1853 493 1930 jam
504 1854 642 1913 inclinato
652 1854 761 1929 reliqua
771 1855 919 1914 incumbat
934 1866 966 1915 15

138 1947 237 2008 oratio.

177 2140 303 2199 LXXX.
333 2140 503 2198 Connexum
524 2152 618 2199 autem
638 2141 679 2199 ita
698 2141 735 2198 rit
747 2142 920 2218 principium

140 2237 326 2310 consequenti
346 2236 477 2308 orationi,
492 2247 523 2294 ut
538 2254 606 2308 non,
620 2247 755 2312 tanquam
769 2237 919 2295 citharoedi

138 2331 306 2408 prooemium
327 2332 451 2390 affictum
473 2333 598 2406 aliquod,
614 2333 664 2388 aed
685 2333 833 2389 coherens
852 2351 919 2390 cum

139 2428 218 2486 omni
238 2446 357 2504 corpore
378 2428 545 2498 membrum,
567 2445 629 2484 csse
652 2428 788 2486 videatur.
841 2428 918 2486 Nam
933 2443 965 2493 ω

139 2525 279 2596 nonnulli,
300 2543 365 2582 cnm
388 2521 461 2582 illud
484 2523 614 2581 meditati
639 2523 799 2596 ediderunt,
819 2524 863 2582 eic
883 2525 919 2583 ad

138 2621 248 2696 reliqua
266 2629 424 2692 transeunt,
440 2630 472 2678 ut
492 2619 665 2678 audientiam
685 2619 741 2679 sibi
761 2620 822 2677 fieri
842 2621 919 2678 nolle

138 2718 295 2785 videantur.
336 2718 432 2792 Atque
455 2706 595 2793 ejusmodi
616 2715 664 2774 illa
682 2716 808 2791 prolusio
834 2717 919 2774 debet

138 2831 211 2884 esee,
225 2831 283 2872 non
304 2823 335 2870 ut
355 2813 526 2884 Samnitum,
540 2811 589 2887 qui
608 2811 720 2870 vibrant
740 2812 835 2869 haataa
853 2822 919 2870 ante

138 2927 272 2986 pugnam,
286 2908 388 2984 quibua
402 2909 432 2966 in
446 2908 603 2985 pugnando
622 2907 693 2966 nihil
713 2917 847 2978 utuntm3
867 2908 918 2966 aed
933 2920 965 2971 κ

138 3014 171 3062 ut
190 3003 258 3082 ipsis
277 3003 435 3076 sententiis,
456 3004 560 3078 quibua
577 3004 768 3081 proluaorunt,
786 3004 830 3062 rel
850 3022 920 3080 pug-

137 3099 337 3175 narepoarint.
