2184 3575
143 316 183 375 54
463 326 506 373 nn
528 327 691 373 carrona.
892 326 932 383 [ι.
942 323 976 372 n.

187 483 279 549 putes,
293 472 364 531 nihil
379 474 409 532 in
423 474 511 533 causis
531 475 599 532 mali
620 475 725 546 secere,
740 483 772 536 ut
784 472 857 532 nihil
875 472 929 531 tibi
942 472 977 531 in

188 581 300 628 oratore
313 572 405 647 majus
419 589 481 629 esse
494 571 632 630 videatur.

228 761 365 820 LXXIV.
397 762 501 819 Dicam
515 762 658 837 equidem,
673 762 780 831 Coesar,
792 761 894 836 inquit,
905 760 976 837 quid

190 858 363 934 intelligam:
385 858 435 915 sed
452 867 481 915 et
502 868 543 929 tu,
558 867 588 915 et
601 877 652 914 vos
671 876 771 915 omnes
790 857 856 928 boc,
870 856 973 932 inquit,

160 958 373 1024 mementote,
393 972 450 1012 uon
471 972 517 1011 me
537 954 574 1011 de
593 953 713 1029 perlecti
733 953 855 1014 oratoris
874 952 977 1010 divini·

189 1059 248 1106 tate
280 1050 404 1125 quidam
436 1049 524 1124 loqui,
552 1050 603 1106 sed
632 1049 669 1107 de
701 1049 913 1107 exercitationis
946 1059 976 1106 et

191 1146 408 1203 consuetudinis
434 1165 505 1203 meae
533 1145 739 1203 mediocritate.
790 1145 887 1202 Crassi
914 1145 977 1219 qni·

190 1241 256 1298 dem
275 1260 443 1317 responsum
463 1242 630 1299 excellentis
646 1242 795 1317 cujusdam
808 1251 852 1299 est
866 1240 976 1317 ingenii

192 1355 226 1395 ec
245 1336 413 1413 singularis3
436 1337 484 1395 cui
504 1337 640 1411 quiddam
660 1337 785 1412 portenti
805 1337 898 1394 simile
911 1354 976 1393 esse

146 1443 177 1493 10
191 1433 280 1491 visum
301 1444 354 1505 est,
372 1451 455 1509 posse
476 1434 599 1509 aliquem
620 1432 740 1490 inveniri
760 1443 911 1504 oratorem,
925 1432 977 1507 qui

191 1530 298 1605 aliquid
311 1530 379 1588 mali
393 1530 500 1587 faceret
514 1530 648 1601 dicendo,
659 1530 828 1605 obessetque
841 1529 879 1601 ei,
889 1548 977 1605 quem

191 1625 373 1683 defenderet:
395 1625 464 1682 facit
477 1626 555 1682 enim
570 1626 871 1701 deseoonjecturam;
892 1627 978 1701 cujus

190 1722 325 1778 tentaris
339 1720 448 1797 ingenii
468 1731 520 1792 est,
536 1730 568 1777 ut
587 1722 741 1792 neminem,
756 1721 817 1778 nisi¹
832 1722 976 1794 consulto,

190 1827 279 1892 putet,
294 1817 370 1891 quod
384 1827 485 1874 contra
504 1817 628 1892 seipsum
644 1818 691 1888 sit,
705 1818 818 1887 dicere;
840 1817 905 1894 (sed
919 1837 977 1894 ego

145 1923 177 1971 15
191 1931 249 1970 non
269 1913 305 1970 de
324 1913 469 1988 prestanti
489 1913 612 1987 quidam
632 1923 662 1970 et
681 1914 796 1985 eximia,
815 1915 865 1971 sed
885 1932 977 1989 prope

191 2008 228 2065 de
248 2008 355 2085 vulgari
376 2018 405 2066 et
426 2009 572 2066 communi
591 2009 744 2084 prudentiis
770 2010 915 2087 disput03)
944 2021 977 2067 ut

114 2109 119 2120 ’
193 2105 267 2181 apud
286 2102 405 2162 Grecos
425 2105 512 2162 fertur
532 2105 695 2162 incredibili
715 2106 839 2179 quidam
866 2107 977 2182 magni·

191 2201 430 2259 tudine⁶consilii
457 2211 541 2276 atque
569 2201 678 2278 ingenii
705 2201 892 2258 Atheniensis
925 2202 976 2259 ille

192 2297 277 2356 luisse
304 2297 531 2367 Themistocles;
560 2297 596 2354 ad
617 2316 702 2372 quem
729 2297 844 2371 quidam
871 2297 975 2354 doctus

145 2399 176 2450 20
191 2393 286 2464 horno,
302 2403 385 2468 atque
405 2393 436 2451 in
455 2393 554 2468 primis
573 2393 712 2464 eruditus,
727 2393 883 2450 accessisse
904 2392 975 2450 dici-

190 2499 245 2560 tur‚
268 2489 353 2564 eique
381 2499 468 2548 artem
496 2489 650 2560 memorie,
673 2507 737 2563 quae
762 2499 824 2546 tum
849 2488 975 2563 primum

190 2584 394 2660 proferebatur,
408 2584 554 2660 pollicitus
567 2603 640 2655 esse,
653 2603 685 2641 se
698 2584 885 2642 traditurum:
906 2603 974 2644 cum

191 2679 239 2736 ille
259 2679 413 2754 quesisset,
435 2680 570 2754 quidnam
591 2679 640 2736 illa
659 2698 704 2736 ars
727 2680 841 2739 efficere
867 2689 974 2756 posset,

190 2775 295 2832 dixisse
310 2775 389 2833 illum
403 2775 561 2846 doctorem,
576 2785 608 2832 ut
620 2775 718 2833 omnia
730 2776 923 2847 meminisset3
944 2785 975 2834 et

144 2877 176 2928 25
189 2871 217 2930 ei
238 2869 465 2928 Themistoclem
485 2871 674 2946 respondisse,
688 2872 797 2949 gratius
816 2871 872 2929 sibi
891 2872 973 2930 illum

190 2983 253 3024 esse
273 2965 424 3038 facturum,
444 2966 469 3023 si
489 2984 520 3025 se
539 2967 679 3038 oblivisci,
696 2986 759 3043 qne
779 2967 873 3039 vellet,
887 2986 973 3043 quarn

191 3061 217 3122 si
241 3061 414 3134 meminisse,
434 3061 588 3122 docuisset.
638 3063 776 3134 Videsne,
796 3081 860 3138 quie
879 3064 923 3122 ris
941 3064 972 3122 in
