2184 3575
133 359 226 420 urna
416 358 459 406 ne
480 357 644 405 cursona.
906 342 964 406 tw

134 507 259 566 Athenis
269 507 472 586 fier'i‘lioebat),
483 502 610 582 leporem
622 505 766 564 habittsse
776 505 919 579 dixerunt,

134 614 300 679 tantamque
311 605 340 662 in
352 623 387 662 eo
398 604 454 662 rim
467 604 565 675 fuisse,
575 614 609 661 ut
619 603 757 661 incorum
765 603 920 674 mentibus,

135 700 185 776 qui
200 700 353 774 audissent,
364 700 446 776 quasi
458 700 575 758 eculeos
587 699 726 774 quosdam
739 697 917 772 relinqueret

134 798 176 855 Aa
189 797 266 854 hunc
285 816 345 854 non
365 797 503 855 clamator
525 796 627 871 aliquis
641 795 677 854 ad
691 795 868 871 clepsydram
880 794 921 852 lu·

134 902 210 951 trare
230 894 377 965 docuerat,
398 893 459 964 sed,
474 902 505 950 ut
526 893 700 968 accepimus,
714 890 951 948 Clazomeniust

132 987 183 1047 ille
190 990 388 1067 Anaxagoras,
396 990 439 1047 vir
446 1007 576 1047 summus
585 989 617 1046 iu
627 988 814 1046 maximarum
825 1005 921 1046 rerum

134 1085 265 1144 scientie.
306 1085 408 1160 Itaque
421 1084 470 1143 hio
483 1084 626 1156 doctrine,
641 1083 773 1155 consilio,
787 1083 923 1160 eloquen-

134 1180 176 1238 ut
187 1181 339 1253 excellens,
350 1181 538 1257 quadraginta
552 1199 643 1238 annos
652 1180 775 1256 praefuit,
787 1179 920 1253 Athenis,

135 1286 165 1334 et
178 1277 295 1336 urbanis
309 1279 410 1334 eodem
423 1287 553 1353 ternpore
565 1286 595 1334 et
608 1276 720 1334 bellicis
732 1276 826 1334 rebus.
853 1320 857 1328 ,

174 1371 257 1434 Quid
282 1373 407 1431 Critias?
441 1373 510 1447 quid
536 1371 724 1430 Alcibiades?
758 1372 922 1431 civitctibus
938 1383 967 1436 1⁰

136 1468 195 1526 suia
223 1468 337 1544 quidem
364 1487 423 1526 uon
449 1467 529 1540 boni,
553 1467 605 1525 sed
629 1477 708 1524 certe
734 1468 815 1525 doctt
837 1478 922 1543 atque

135 1565 313 1640 eloquentes,
341 1582 438 1624 nonne
465 1565 623 1623 Socraticis
648 1573 731 1622 erant
756 1563 922 1641 disputatio·

26 1659 29 1663 ’
136 1660 221 1720 uibus
240 1661 365 1720 eruditi?
401 1661 482 1724 Quis
502 1661 627 1720 Dionem
645 1659 835 1737 Syracosium
855 1659 922 1718 doc

135 1756 219 1816 trinis
233 1758 367 1817 omnibus
379 1757 534 1835 expolivit?
554 1775 615 1816 non
634 1756 737 1816 Plato‘t
757 1765 842 1832 atque
854 1771 922 1815 eum

135 1854 213 1912 idem
232 1853 281 1912 ille
301 1872 360 1913 nou
379 1854 486 1932 lingue
505 1854 607 1927 solum,
620 1869 720 1911 uerum
733 1852 820 1913 etiam
834 1851 923 1912 animi
937 1862 968 1915 rt

137 1968 172 2009 ac
197 1949 309 2008 vinctis
342 1950 488 2027 magister,
522 1950 559 2008 sd
590 1949 768 2009 liberandam
800 1948 922 2021 pahiam

136 2046 259 2119 impulit,
280 2046 422 2118 instruxit,
443 2046 571 2105 armavit.
616 2046 731 2103 Aliisne
750 2048 838 2121 igitur
858 2044 924 2103 arti·

137 2143 191 2201 bus
203 2147 283 2201 huuc
302 2142 426 2200 Dionem
446 2142 572 2201 instituit
590 2141 683 2212 Pluto,
698 2141 762 2198 aliis
780 2139 923 2201 Ismenes

137 2236 328 2295 clarissimum
354 2237 446 2295 virum
472 2237 670 2308 Timotheum,
691 2230 832 2308 Cononis,
851 2254 923 2313 pro·

137 2332 304 2392 stantissimi
331 2333 518 2409 imperatoris,
539 2332 639 2404 filium,
660 2350 803 2391 summum
831 2332 922 2408 ipsum
935 2336 969 2389 ⁹)

138 2428 348 2500 imperatorem,
382 2428 586 2503 hominemque
619 2427 836 2485 doctissimum?
873 2436 924 2487 aut

138 2526 202 2583 aliis
222 2524 419 2601 Pythagoreus
431 2524 487 2582 the
508 2523 592 2599 Lysis
610 2523 784 2581 Thebanum
808 2522 923 2599 Epami·

137 2624 274 2692 nondam,
295 2620 371 2679 haud
398 2619 460 2680 scio
487 2639 522 2677 an
544 2637 687 2678 summum
714 2618 805 2677 virum
831 2636 922 2680 uuum

138 2720 232 2775 omnir
251 2716 391 2775 creater
413 2727 461 2778 aut
480 2716 644 2793 Xenophon
664 2715 853 2793 Agesiliumt
874 2724 924 2775 aut

138 2811 299 2873 Philolitum
320 2812 463 2889 Archytas
482 2812 680 2871 Tarentinus?
708 2821 757 2871 aut
783 2811 844 2888 ipse
869 2810 923 2889 Py·
936 2822 969 2874 ὕ

139 2906 272 2984 thagoras
291 2917 380 2967 totam
405 2908 482 2965 illam
502 2918 626 2967 veterem
652 2907 743 2967 Italiae
769 2907 922 2981 Graecium,

140 3020 204 3079 quae
218 3005 358 3077 quondam
373 3002 483 3083 Magna
495 3004 620 3065 vocitata
632 3004 695 3061 estt
