2184 3575
139 345 195 404 140
459 359 502 407 nn
524 361 688 408 onrronn
876 362 915 422 [ι.
925 361 973 409 nr.

194 513 196 520 '
221 505 350 566 XXXV.
382 507 524 582 Equidem
553 529 609 568 non
638 509 766 568 arbitror.
814 510 866 568 Sic
892 511 969 568 enim

181 601 274 674 video,
308 621 395 660 unam
429 604 571 677 quandam
605 604 732 662 omniurn
766 623 872 678 rerum,
906 625 970 681 quae

181 713 276 756 essent
299 697 416 755 homine
444 699 557 756 erudito
583 700 688 776 digne,
709 711 793 776 atque
813 719 849 758 eo
869 702 918 776 qui
938 703 969 760 in

180 794 328 868 republicis
361 794 446 852 vellet
480 796 631 868 excellere,
666 797 754 855 fuisse
790 799 967 869 doctrinam3

148 899 264 964 aquam
298 890 348 964 qui
382 891 571 967 accepissent,
601 893 625 949 si
660 893 748 951 iidem
782 894 898 971 ingenio
932 893 967 953 ud

179 986 421 1060 pronuntiandum
450 988 615 1060 valuissent,
635 999 664 1046 et
691 1008 723 1046 se
750 990 785 1047 ad
810 990 967 1048 dicendum

178 1099 301 1157 quoque,
322 1099 380 1140 non
402 1094 579 1160 repugnante
601 1086 714 1156 naturt,
735 1086 889 1158 dedissent,
910 1087 967 1145 elo·

178 1177 295 1252 quentin
328 1177 500 1253 praestitisse.
560 1178 662 1254 Itaque
693 1180 753 1255 ipse
785 1181 965 1256 Aristoteles,

179 1291 243 1330 cum
272 1272 372 1332 florere
399 1273 557 1333 Isocratem
583 1276 731 1335 nobilitate
759 1276 965 1353 discipulorum

132 1379 162 1432 ἰο
178 1369 296 1441 rideret,
324 1372 400 1446 quod
428 1371 487 1447 ipse
515 1391 582 1429 suas
602 1372 808 1448 disputationes
831 1393 848 1430 a
870 1374 970 1432 causis·

178 1465 339 1525 forensibus
359 1476 388 1523 et
409 1467 540 1525 civilibus
562 1467 597 1525 ad
618 1468 732 1526 inanem
752 1468 892 1526 sermonis
909 1470 967 1528 ele·

177 1563 305 1640 gantiam
337 1564 537 1634 transtulisset,
572 1563 692 1620 mutavit
724 1575 841 1640 repente
874 1576 965 1624 totam

179 1661 298 1716 sormam
317 1677 406 1734 prope
426 1659 585 1734 discipline
606 1677 674 1729 sue,
688 1677 857 1734 versumque
878 1678 966 1735 quen·

178 1753 243 1811 dem
270 1752 439 1811 Philoctetae
465 1753 552 1829 paulo
579 1772 663 1811 secus
689 1753 777 1813 dixit:
812 1755 860 1815 ille
886 1756 964 1815 enim

130 1866 161 1913 15
178 1848 196 1883 ‘¹‘
206 1859 287 1925 turpe
296 1850 313 1877 '¹
335 1849 390 1905 sibi
411 1848 451 1906 ait
469 1856 563 1907 “esse
582 1860 688 1922 tacere,
709 1870 776 1909 curn
797 1853 962 1925 barbaros,''

177 1945 225 2003 hic
246 1956 350 2019 eutem,
371 1952 467 2003 “curu
488 1945 656 2017 Isocratem,
672 1957 817 2023 pateretur
836 1949 961 2007 dicere.”

176 2040 276 2118 Itaque
310 2042 422 2100 ornavit
454 2053 483 2100 et
516 2042 666 2101 illustravit
696 2044 858 2102 doctrinam
884 2045 962 2103 illam

175 2157 300 2211 omnem,
329 2158 480 2217 rerumque
507 2140 703 2217 cognitionem
729 2159 796 2197 cum
823 2142 963 2199 orationis

175 2237 381 2295 exercitatione
402 2238 557 2314 conjunxit.
598 2237 702 2313 Neque
723 2256 790 2294 vero
813 2238 870 2295 hoc
889 2239 964 2315 fugit

127 2346 159 2395 eo
174 2332 415 2409 sapientissimum
456 2347 563 2411 regem,
596 2334 769 2409 Philippum,
802 2333 852 2407 qui
884 2334 963 2393 hunc

175 2428 340 2487 Alexandro
360 2430 419 2487 filio
439 2431 586 2488 doctorem
608 2430 736 2501 socient,
752 2448 768 2487 a
784 2447 841 2502 quo
860 2430 962 2489 eodem

174 2522 223 2580 iile
243 2533 272 2581 et
293 2526 396 2601 agendi
421 2526 566 2601 acciperet
590 2536 734 2602 precepta
759 2536 789 2583 et
815 2526 960 2601 loquendi.

174 2618 274 2693 Nunc,
308 2627 332 2679 si
366 2622 414 2697 qui
447 2623 532 2693 volet,
566 2640 632 2679 eum
667 2622 878 2698 philosophum,
911 2622 960 2697 qui

174 2725 288 2791 copiam
308 2721 392 2779 nobis
412 2738 507 2778 rerum
528 2719 721 2796 orationisque
734 2721 837 2793 tradat,
851 2739 902 2798 per
915 2739 962 2779 me

127 2817 160 2868 2⁵
176 2818 297 2891 uppellet
323 2827 465 2875 oratorem
492 2816 578 2885 licet3
598 2812 671 2872 ‘sive
703 2816 781 2874 hunc
806 2826 960 2889 oratorem,

174 2930 258 2989 quern
279 2903 335 2989 ego
355 2913 421 2971 dico
442 2912 610 2987 sapientiam
628 2912 758 2988 junctam
779 2912 885 2970 habere
901 2913 960 2971 elo·

175 3014 309 3086 quentiae,
322 3009 522 3087 philosophum
544 3009 686 3085 appellare
698 3008 788 3082 malit,
802 3028 861 3069 non
875 3016 962 3089 impe·

1080 678 1087 816 j
