2184 3575
123 333 225 395 cum]
413 335 456 382 uu
478 335 642 382 cursous.
904 323 965 393 ἰπὶ

125 491 200 556 tete,
214 493 243 542 et
256 484 352 561 specie
365 485 457 560 primu
472 485 612 546 acerrime
624 492 817 555 commovent,
831 482 868 541 cb
881 480 917 541 iis

130 581 280 638 celerrime
300 581 414 642 fastidio
435 582 559 656 quodam
579 592 608 639 et
627 581 759 639 satietate
777 581 918 639 ubolieue·

131 696 203 735 mur.
256 678 378 740 Quanto
399 677 526 735 colorum
547 678 760 753 pulchritudine
780 687 810 734 et
829 676 917 733 uarie-

132 782 190 832 tate
214 773 359 832 floridiora
382 774 501 834 suntin
524 774 645 848 picturis
667 774 750 831 novis
771 772 917 849 pleraque,

129 889 216 945 quam
237 869 266 927 iu
287 869 445 928 veteribus!
475 888 536 943 quae
563 884 670 941 tamen,
690 868 801 928 etiamsi
828 868 950 943 primoo

133 976 250 1042 aspectu
277 985 330 1024 nos
356 977 503 1042 ceperunt,
531 966 639 1024 diutius
672 985 731 1024 nou
757 965 917 1034 delecteut;

133 1082 200 1121 cum
227 1063 314 1120 iidem
342 1080 404 1133 nos,
433 1063 463 1120 iu
491 1063 616 1137 antiquis
640 1062 756 1132 tubulis,
782 1061 833 1120 illo
859 1060 921 1135 ipsc

131 1158 249 1217 horrido
270 1159 453 1234 obsoletoque
473 1169 631 1216 teneamur.
670 1158 790 1220 Quanto
812 1156 922 1215 mollio-

134 1273 180 1312 res
206 1265 273 1311 suut
299 1265 328 1313 et
354 1254 536 1313 delicatiores
563 1254 593 1310 in
621 1265 708 1312 cantu
735 1252 871 1310 flexiones
892 1260 922 1309 et

135 1350 213 1408 felsae
240 1351 358 1422 voculoe,
386 1370 471 1426 quam
498 1359 584 1407 certae
611 1359 640 1405 et
667 1349 788 1405 severrel
819 1348 922 1422 quibus
937 1358 968 1407 10

132 1456 231 1504 tamen
254 1465 313 1504 non
336 1446 423 1504 modo
447 1445 562 1516 austeri,
584 1445 646 1515 sed,
669 1444 693 1502 si
715 1444 819 1520 saepius
839 1444 921 1515 fiunt,

134 1542 287 1600 multitudo
307 1541 369 1617 ipse
388 1541 533 1599 reclamet.
588 1541 673 1598 Licet
698 1540 755 1597 hoc
775 1540 872 1598 uidere
891 1540 922 1596 iu

134 1639 252 1714 reliquis
272 1638 419 1708 sensibus3
441 1637 597 1714 unguentis
617 1637 712 1694 miuus
732 1637 782 1695 diu
802 1655 855 1694 uos
875 1636 923 1693 de·

106 1792 108 1804 ,
134 1735 235 1797 lecturi
261 1734 373 1793 summi
400 1744 429 1792 et
456 1733 596 1793 acorrimd
622 1733 762 1793 suavitate
788 1721 934 1806 conditis(

134 1852 220 1911 quem
246 1832 291 1893 his
316 1832 486 1902 moderatis;
520 1840 551 1889 et
575 1831 669 1908 magis
696 1830 817 1903 laudari,
844 1832 921 1905 quod
938 1841 969 1891 15

123 1948 241 2002 cerem,
261 1948 346 2005 quam
368 1928 445 2003 quod
465 1947 595 1999 crocum,
617 1928 694 1985 olere
717 1927 862 1997 videttu13
892 1928 922 1985 iu

134 2026 196 2103 ipso
216 2036 294 2083 tactu
315 2043 379 2081 esse
399 2024 516 2081 modum
532 2034 562 2081 et
574 2023 764 2081 mollitudinis
777 2032 806 2079 et
818 2022 923 2081 loevitt·

134 2122 180 2180 tis.
234 2120 405 2183 Quinetiam
439 2128 579 2195 gustatus,
606 2118 656 2193 qui
688 2128 732 2175 est
761 2137 863 2177 seusus
887 2136 925 2175 ex

136 2216 269 2275 omnibus
282 2216 405 2273 maxime
419 2214 605 2291 voluptarius,
619 2214 724 2290 quique
744 2214 925 2272 dulcitudine

135 2322 237 2390 preter
259 2322 371 2369 ceteros
398 2330 499 2368 seusus
526 2320 731 2381 commovetur,
753 2328 838 2384 quum
865 2309 924 2367 cito
938 2318 972 2368 20

106 2454 109 2460 .
135 2409 175 2481 id,
191 2408 265 2484 quod
281 2408 362 2465 valde
382 2407 467 2465 dulce
487 2414 540 2477 est,
557 2416 722 2483 aspernatur
742 2420 778 2463 uc
798 2405 921 2481 respuit!

134 2506 212 2570 Quis
231 2505 348 2582 potione
369 2504 411 2561 uti
433 2514 480 2562 aut
501 2504 568 2562 cibo
588 2502 667 2561 dulci
688 2502 795 2560 diutius
812 2504 923 2579 potestl

135 2621 202 2661 oum
222 2612 344 2675 utroque
365 2601 394 2659 in
415 2618 521 2677 genere
542 2618 587 2671 er,
605 2618 669 2674 qure
688 2598 787 2657 leviter
807 2617 923 2658 sensum

135 2699 278 2775 voluptate
293 2707 435 2768 moveant,
450 2696 587 2754 facillime
601 2695 740 2772 effugient
753 2694 922 2753 sotietatem.

136 2796 197 2867 Sic,
224 2794 358 2853 omuibus
390 2792 419 2849 iu
450 2794 544 2863 rebus,
572 2790 766 2867 voluptatibus
792 2790 924 2849 maximis
939 2801 972 2851 25

124 2891 282 2973 ¹fastidium
315 2888 468 2948 finitimum
501 2900 560 2959 est3
594 2907 652 2964 quo
685 2887 742 2945 hoc
773 2886 868 2945 minus
894 2887 925 2945 in

135 2986 265 3046 oratioue
291 2986 442 3055 miremur;
478 2984 508 3043 in
534 2985 601 3059 qud,
628 2984 672 3042 vel
699 3002 735 3041 ex
760 2983 855 3060 poetis
879 2983 924 3041 vel

135 3082 306 3155 oratoribus,
325 3100 475 3159 possumus
498 3081 641 3158 judicare,
665 3080 849 3152 concinnem,
868 3078 927 3136 dis·
