2184 3575
131 346 171 407 ω
447 359 491 405 os
513 357 676 409 pusione.
874 358 957 419 [nn.

178 506 348 579 eommunia,
362 524 418 564 neo
438 506 467 565 in
489 506 558 565 alies
578 524 679 565 osusss
696 521 780 581 posse
799 504 956 577 transferri,

177 604 227 662 sed
246 603 360 680 penitus
378 622 415 661 ex
433 602 468 660 et
488 604 585 675 causi,
600 622 663 679 quos
682 611 742 660 tum
756 611 865 680 igetur,
879 602 956 659 efflo-

176 719 275 759 ruisse.

215 892 356 950 LXXIX.
386 891 482 951 Omne
513 903 607 950 nutem
639 891 810 967 principium
838 901 886 949 sut
911 890 954 949 rei

144 994 161 1042 5
177 988 271 1058 totius,
285 1008 347 1064 quse
368 998 475 1065 egetur,
490 988 728 1065 significationem
748 988 854 1045 habere
870 988 955 1045 debe·

177 1084 226 1155 bit,
249 1096 296 1142 sut
317 1084 424 1142 editum
445 1086 480 1143 sd
503 1102 619 1141 eausam
639 1093 668 1141 et
687 1084 883 1155 munitionem,
904 1093 954 1141 sut

175 1180 316 1255 quoddam
331 1190 526 1238 ornamentum
540 1191 570 1237 et
583 1179 759 1256 dignitatem.
798 1179 857 1239 Sed
872 1197 955 1256 opor·

175 1286 225 1347 tet,
240 1288 271 1334 ut
284 1277 391 1335 sedibus
412 1296 446 1335 so
465 1277 579 1353 templis
597 1276 736 1334 vestibula
752 1287 781 1333 et
795 1277 896 1347 aditus,
910 1276 955 1335 sie

175 1374 270 1431 osusis
288 1374 438 1452 principia,
458 1373 642 1449 proportione
663 1390 756 1431 rerum
778 1390 952 1448 preponere.

129 1471 276 1546 101taquo
294 1472 323 1529 iu
341 1471 434 1548 parvis
455 1482 538 1546 etque
558 1471 783 1545 infrequentibus
803 1470 896 1529 osusis
916 1472 953 1528 ab

175 1567 235 1643 ipsi
249 1586 279 1623 re
294 1578 336 1625 est
349 1566 472 1624 exordiri
486 1584 560 1641 saepe
572 1566 758 1624 commodius.
838 1606 841 1611 -
954 1636 957 1641 ι

214 1664 282 1733 Sed,
303 1682 368 1720 oum
389 1662 442 1720 erit
462 1662 598 1719 utendum
618 1661 760 1738 principio
780 1661 869 1738 (quod
896 1662 953 1737 pie·

175 1776 294 1832 rumque
313 1758 392 1837 erit),
408 1768 456 1816 sut
475 1776 511 1815 ex
530 1775 590 1828 reo,
605 1767 653 1815 sut
672 1757 889 1830 exadversum,
904 1767 952 1816 eut

175 1873 270 1924 exre,
292 1866 339 1911 aut
358 1873 393 1910 ex
413 1854 455 1911 eis
479 1853 554 1928 apud
579 1872 649 1928 quos
675 1854 777 1930 agitur,
797 1852 953 1911 sententias

129 1958 159 2007 15
174 1950 242 2008 duoi
262 1950 368 2008 licebit.
408 1949 453 2008 Ex
473 1968 532 2021 reo,
548 1949 625 2025 (reos
640 1949 759 2025 appello,
774 1968 891 2024 quorum
906 1967 952 2007 res

174 2048 230 2126 est)
252 2065 314 2121 qum
334 2046 495 2122 significent
516 2045 605 2102 virum
627 2046 744 2116 bonum,
763 2065 825 2119 qum
850 2045 953 2102 libers·

173 2143 239 2214 lein,
260 2161 323 2218 quae
349 2141 556 2212 calamitosum,
580 2161 642 2216 qum
669 2141 864 2198 misericordii
890 2140 951 2217 dig·

174 2258 251 2310 num‚
266 2259 329 2313 qum
342 2238 453 2296 valeant
466 2248 568 2294 eontra
586 2237 685 2294 falsum
705 2236 950 2294 criminationem:

173 2353 209 2391 ex
235 2334 402 2405 adversario,
426 2333 527 2390 iisdem
554 2351 589 2390 ex
614 2333 687 2390 iocis
712 2332 771 2389 fere
799 2332 950 2390 contrariu

127 2443 158 2492 20
174 2430 219 2486 Ex
238 2449 278 2501 re,
293 2429 317 2487 si
337 2425 471 2502 erudelis,
487 2429 512 2486 si
532 2428 658 2499 infanda,
670 2427 702 2486 ‘si
721 2436 822 2503 proeter
841 2428 952 2503 opinio·

173 2544 249 2596 nem,
270 2525 294 2582 si
314 2525 466 2596 immerito,
486 2524 511 2582 si
537 2524 649 2594 misera,
669 2523 694 2580 si
720 2523 840 2599 ingrato,
860 2523 885 2580 si
908 2523 951 2580 in·

173 2621 270 2698 digna,
291 2620 314 2678 si
335 2639 417 2692 nova,
441 2620 465 2677 si
491 2639 554 2695 qum
579 2618 690 2676 restitui
715 2618 865 2692 sanarique
890 2637 949 2678 nou

171 2717 276 2792 possit:
297 2716 381 2774 exiis
395 2726 498 2786 autern,
514 2714 588 2790 apud
608 2732 679 2788 quos
699 2723 807 2790 egetur,
821 2724 853 2771 ut
866 2714 951 2771 bene·

173 2813 251 2870 volos
284 2813 412 2886 beneque
445 2811 637 2868 existimantes
669 2809 839 2880 efficiamus3
873 2809 950 2883 quod

126 2925 158 2976 25
174 2907 284 2984 agendo
304 2908 425 2964 efficitur
445 2905 556 2976 melius,
571 2921 654 2978 quam
674 2905 809 2979 rogando.
849 2904 902 2962 Est
919 2904 949 2962 id

173 3004 287 3078 quidem
306 3002 335 3059 in
353 3012 441 3060 totam
460 3000 618 3059 orationem
638 2999 881 3071 confundendum,
894 3019 951 3058 neo

173 3099 291 3158 minime
304 3098 334 3157 in
347 3107 518 3156 extremam:
537 3096 589 3159 sed
601 3105 696 3154 tames
709 3094 799 3152 mults
809 3094 952 3174 principis
