2184 3575
139 343 231 405 nm]
420 343 463 390 nn
486 341 649 389 onnuonn.
928 325 969 388 87

138 490 209 563 lum,
233 491 328 557 virum
350 491 429 548 omni
456 491 540 549 laude
563 499 754 566 praeeuntem,
778 505 844 546 cum
867 485 923 544 sibi

139 607 199 647 non
213 587 386 645 incolumem
400 587 553 658 fortunam,
568 587 619 643 sed
639 586 770 644 exsilium
782 594 812 641 et
826 572 923 660 frigam

140 684 350 758 deprecaretur,
378 701 441 740 esse
473 694 616 754 coactum,
645 693 677 739 ut
708 681 767 739 viui
799 698 831 737 se
863 679 923 754 ipse

139 779 270 855 privaret.
312 778 377 836 Jam
399 777 440 836 M.
465 779 586 835 Antonii
607 779 638 834 in
658 777 703 834 bis
723 776 792 852 ipsis
814 773 923 844 rostris,

139 874 170 932 in
184 875 287 950 quibus
300 874 348 932 illc
362 874 568 950 rempublicam
582 872 811 930 constantissime
825 869 923 928 consul
937 875 954 924 5

139 968 316 1040 defenderat,
330 987 450 1044 queque
464 985 565 1026 censor
579 967 768 1043 imperatoriis
780 965 925 1023 manubiis

139 1065 265 1134 ornarat,
285 1065 410 1140 positum
430 1075 517 1139 caput
543 1064 614 1123 illud
641 1063 704 1135 luit,
725 1080 818 1137 aquo
842 1071 925 1118 erant

139 1160 294 1217 multorum
309 1160 420 1217 civium
442 1160 537 1234 capita
562 1168 681 1216 servata
734 1157 838 1232 Neque
857 1173 924 1213 vero

140 1255 227 1332 longe
254 1257 291 1313 ab
317 1273 352 1313 eo
379 1255 413 1313 O.
442 1254 512 1313 Julii
528 1266 635 1331 caput,
663 1255 783 1330 hospitis
809 1252 924 1311 Etrusci

141 1351 250 1409 scelere
276 1351 430 1426 proditum,
458 1369 525 1407 cum
552 1351 585 1408 L.
613 1349 684 1406 Julii
711 1349 805 1406 fratris
830 1349 925 1424 capite
939 1354 970 1404 1⁰

138 1446 240 1524 jacuit,
256 1457 287 1503 ut
306 1445 364 1516 ille,
378 1446 426 1522 qui
447 1446 509 1502 lraec
527 1463 587 1502 nou
606 1445 686 1515 vidit,
698 1454 730 1502 et
742 1444 844 1501 vixisse
858 1458 925 1502 cum

141 1541 290 1619 republict
316 1541 431 1617 pariter,
452 1551 567 1599 etcum
588 1541 637 1597 itit
657 1540 741 1597 simul
768 1539 925 1597 exstinctus

141 1657 205 1698 esse
226 1637 361 1696 videatur.
402 1637 505 1712 Neque
525 1638 602 1694 enim
622 1636 812 1713 propinquum
830 1652 924 1706 suum,

141 1734 258 1794 maximi
279 1733 367 1793 animi
387 1734 489 1808 virum,
510 1733 541 1793 P.
557 1733 703 1805 Crassum,
719 1732 820 1810 scipta
840 1731 925 1791 iuter·

142 1832 249 1891 lectum
262 1848 360 1904 manu,
373 1850 467 1907 neque
481 1830 600 1908 college
613 1830 667 1902 sui,
681 1830 825 1906 pontilicis
839 1830 927 1887 maxi·
940 1836 972 1885 15

142 1928 192 2000 mi,
206 1928 345 2006 sanguine
358 1927 542 1985 simulacrum
556 1928 653 1984 Vestas
672 1941 832 2001 respersum
852 1942 925 1997 esse,

141 2023 229 2081 sidit:
250 2023 298 2081 cui
318 2022 433 2081 moerori
454 2021 524 2098 (qui
551 2032 648 2079 ments
673 2018 722 2078 ille
748 2020 779 2077 in
806 2020 927 2095 patriam

143 2119 210 2197 tuit)
231 2118 317 2176 etiam
344 2117 379 2175 C.
400 2116 553 2187 Carbonis,
576 2115 769 2173 inimicissimi
793 2114 927 2186 hominis,

144 2214 247 2271 audem
268 2211 317 2271 illo
336 2212 383 2275 tis
402 2229 478 2271 mors
497 2211 608 2269 nefaria
627 2211 734 2269 luisset.
775 2208 844 2267 Noa
857 2209 929 2266 vidit

144 2326 245 2367 aurum
266 2307 401 2383 ipsorum,
419 2306 467 2381 qui
487 2316 550 2363 tum
570 2306 766 2363 adolescentes
778 2305 885 2363 Crasso
897 2322 928 2363 ae
941 2317 974 2367 ω

145 2403 286 2475 ἀίοᾶταῑκ,
307 2401 457 2459 horribiles
477 2402 653 2476 miserosque
672 2419 764 2459 casus.
804 2400 849 2458 Ex
868 2401 929 2476 qui·

146 2500 200 2559 bus
226 2499 260 2557 O.
281 2498 377 2570 Cotta,
405 2516 490 2573 quem
517 2497 566 2555 ille
592 2495 738 2558 florentem
764 2496 927 2571 reliquerit,

144 2595 244 2675 paucis
263 2594 365 2653 diebus
384 2604 448 2670 post
467 2603 589 2651 mortam
609 2593 707 2651 Crassi
725 2592 860 2668 depulsus
876 2610 929 2668 per

145 2690 284 2750 invidiam
302 2690 459 2762 tribunatu,
479 2707 540 2748 nou
559 2689 657 2747 multis
679 2690 717 2746 ab
742 2706 777 2746 eo
802 2699 929 2764 tempore

145 2787 292 2845 mensibus
314 2786 423 2863 ejectus
444 2796 488 2843 est
511 2804 528 2843 e
552 2785 675 2843 civitate.
717 2784 862 2860 Sulpicius
882 2794 975 2847 aum

146 2892 215 2955 tem,
232 2882 281 2959 qui
300 2883 331 2940 in
351 2881 452 2939 eadem
473 2881 587 2939 invidia
607 2880 722 2939 flammi
741 2880 849 2953 luisset,
870 2880 930 2956 qui·

148 2976 267 3035 buscutn
286 2977 413 3053 privatus
431 2976 670 3053 conjunctissime
688 2976 806 3047 riserat,
827 2976 880 3033 laos
898 2974 929 3032 in

138 3072 293 3133 tribunatu
312 3072 435 3150 spoliare
454 3072 578 3132 instituit
596 3070 676 3131 omui
698 3071 855 3151 dignitate:
880 3068 929 3127 cui
