2184 3575
127 359 218 436 usui]
407 377 450 425 m:
472 377 635 425 oniscon
903 357 963 422 155

125 525 241 584 dicendi
269 527 406 602 consequi
438 529 542 602 posscl
595 525 666 584 Non
698 535 744 582 est
774 531 916 583 restem

125 622 259 695 difficilis,
279 643 363 699 quem
383 624 563 682 necessaria:
590 623 662 681 nihil
689 632 733 680 est
755 622 833 679 enim
852 631 916 679 tm

124 729 263 792 tenerum,
284 739 378 796 neque
398 730 456 778 tam
480 720 615 791 flexibile,
635 737 730 796 neque
755 718 832 794 quod
851 727 915 776 torn

124 815 208 874 facile
228 827 372 890 sequatur,
387 834 569 892 quocumque
589 817 689 887 duces,
703 833 788 891 quam
808 814 909 872 oratio.

123 911 168 969 Ex
188 912 243 970 hac
262 931 369 984 versus,
386 931 421 970 ex
441 913 541 970 eidem
563 913 691 989 dispares
709 911 823 969 numeri
841 918 945 970 con-5

122 1008 258 1066 ficiuntur
266 1030 273 1080 ;
295 1029 331 1066 ex
345 1010 399 1066 ha'c
419 1009 482 1067 haec
498 1009 585 1067 etiem
598 1009 692 1067 solute
704 1009 792 1066 variis
804 1007 907 1079 modis,

121 1105 331 1181 multorumque
351 1125 499 1184 generum,
514 1106 614 1164 oratio.
655 1102 725 1164 Non
745 1107 821 1164 enim
843 1113 910 1163 sunt

123 1201 179 1260 elia
192 1203 341 1274 sermonis,
357 1203 412 1260 aliu
432 1203 626 1260 contentionis
644 1204 745 1260 verbo:
766 1219 860 1278 neque
872 1219 910 1259 ex

123 1293 179 1354 alio
193 1317 299 1376 genere
313 1298 348 1356 ad
363 1319 445 1358 usum
457 1299 665 1374 quotidianum,
677 1299 734 1358 olio
745 1300 780 1358 ud
791 1317 909 1357 scenam

120 1413 310 1470 pompamque
330 1405 496 1465 sumuntur3
518 1396 568 1452 sed
581 1415 618 1454 ea
630 1414 684 1453 nos
698 1414 765 1454 cum
782 1394 910 1472 jacentia
924 1404 955 1452 1⁰

120 1491 289 1549 sustulimus
308 1511 324 1550 e
345 1492 451 1563 medio,
475 1492 552 1549 sicut
578 1491 774 1550 mollissimam
800 1509 908 1563 cerum,

121 1588 157 1644 ed
185 1598 313 1645 nostrum
348 1589 496 1646 arbitrium
530 1589 684 1647 formamus
709 1601 738 1645 et
764 1588 907 1665 fingimus.

120 1681 220 1759 Itaque
246 1694 306 1741 tum
333 1704 434 1762 graves
462 1705 570 1757 sumus,
597 1696 658 1743 tum
672 1704 676 1710 ’
691 1685 820 1756 subtiles,
846 1694 908 1742 tum

119 1779 245 1837 medium
266 1781 569 1855 quiddam‘tenemus:
596 1781 640 1840 sic
659 1781 818 1840 institutum
842 1800 910 1840 nos·

118 1886 191 1934 tram
204 1878 375 1937 sententium
397 1879 524 1956 sequitur
542 1878 683 1936 orationis
698 1896 799 1955 genus,
821 1878 908 1954 idque
921 1880 953 1928 15

117 1974 154 2030 ed
175 1992 289 2031 omnem
316 1976 466 2046 rationem,
488 1986 516 2033 et
541 1976 652 2033 aurium
672 1975 856 2051 voluptatem,
877 1985 907 2034 et

119 2072 277 2127 animorum
292 2081 411 2141 motum,
426 2082 551 2128 mutatur
565 2081 594 2127 et
607 2071 733 2129 vertitur.
836 2092 838 2097 ·

159 2166 216 2221 Sed
238 2174 269 2222 ut
289 2166 319 2223 in
339 2167 482 2242 plerisque
502 2166 588 2223 rebus
615 2166 820 2225 incredibiliter
846 2167 905 2225 hoc

119 2270 222 2317 notura
241 2270 284 2317 est
305 2260 367 2337 ipso
386 2262 538 2332 fabricatu
560 2260 603 2319 sic
617 2261 647 2319 in
660 2262 801 2335 cretione,
814 2271 848 2320 ut
860 2281 907 2338 eo,

118 2358 182 2433 quae
202 2356 354 2415 maximum
376 2358 527 2416 utilitatem
548 2357 578 2415 iu
598 2376 630 2415 se
650 2359 839 2431 continerent,
860 2378 907 2417 ee·
919 2366 951 2415 ω

118 2454 184 2511 dem
205 2452 342 2511 haberent
362 2453 516 2531 plurimum
536 2454 581 2512 vel
601 2454 758 2530 dignitatis,
773 2455 817 2514 vel
831 2472 906 2532 sepe

116 2550 205 2609 etiam
219 2550 383 2609 venustatis.
424 2549 635 2609 incolumitatis
648 2570 683 2608 ac
696 2551 796 2609 solutis
814 2553 906 2610 omni·

116 2661 166 2704 um
181 2647 268 2705 cousi
282 2646 411 2705 videmus
425 2648 503 2706 huno
517 2654 622 2705 statum
635 2666 699 2705 esse
719 2647 804 2724 hujus
816 2648 906 2707 totius

115 2744 217 2801 mundi
239 2754 324 2819 atque
344 2754 461 2816 nature,
476 2745 677 2802 rotundum-ut
689 2744 804 2817 coslum,
818 2754 906 2804 terro·

114 2858 172 2916 que
186 2850 217 2898 ut
231 2841 326 2898 medis
340 2840 386 2913 sit,
400 2858 491 2915 esque
509 2841 561 2899 sui
575 2840 603 2897 vi
616 2850 744 2917 nutuque
756 2850 903 2913 tenentum
915 2848 949 2898 25

117 2936 160 2993 sol
188 2948 219 2994 ut
245 2938 472 3009 circumferatur,
499 2947 531 2995 ut
564 2938 684 2996 accedet
714 2938 749 2996 ed
776 2938 904 2998 brumale
952 2976 956 2983 ·

117 3033 241 3110 signum,
266 3045 294 3094 et
318 3035 385 3093 inde
409 3034 515 3091 sensim
542 3034 680 3093 ascendet
706 3034 736 3093 in
763 3034 904 3095 diversum

115 3114 241 3209 purtem
272 3142 304 3189 ut
325 3132 395 3191 luno
419 3148 537 3189 accessu
561 3140 592 3189 et
613 3148 729 3192 recessu
755 3150 809 3194 suo
835 3131 912 3200 solie·
