2184 3575
127 288 207 350 nir]
409 291 453 339 nn
474 290 638 341 vernone
751 321 754 328 ,
915 277 955 341 tl

126 438 304 497 desideretur
319 438 434 515 (nature
447 437 524 499 enim
544 441 627 518 fingit
647 440 778 499 homines
790 449 820 497 et
832 449 911 497 areat

129 535 285 593 imitatores
308 547 337 594 et
360 549 521 595 narratores
544 539 663 609 facetos,
677 548 706 595 et
730 538 809 593 vultu
834 537 913 613 adja-

129 643 223 703 vante,
238 643 265 689 et
288 651 369 704 voce,
383 644 412 691 et
435 634 497 710 ipso
520 654 626 711 genere
649 634 820 713 sermonis);
850 643 912 691 tum

130 747 197 785 vero
221 728 249 785 in
274 729 329 786 hoe
354 730 443 787 altero
467 730 637 803 dicacitatis,
663 732 732 805 quid
755 732 841 787 habet
868 748 913 786 ars

128 822 196 895 ioci,
219 844 287 881 euni
312 836 377 883 ante
401 826 472 883 illud
496 826 620 885 faoeturn
644 826 754 884 dictum
776 826 943 883 emioeum5

128 918 235 977 harere
250 920 362 992 debeat,
377 940 461 997 qnam
482 922 603 999 eogitari
622 922 749 998 potuisse
762 922 911 979 videatur?

127 1014 210 1077 Quid
237 1016 320 1073 onim¹
341 1016 389 1075 hie
416 1036 496 1075 meus
523 1018 609 1075 frater
637 1019 673 1074 ab
698 1028 759 1074 erte
785 1016 912 1093 adjuvari

127 1112 230 1187 potnit,
243 1131 312 1169 enm
335 1132 351 1171 a
370 1113 502 1189 Philippo
523 1114 722 1191 interrogatus,
742 1114 810 1189 quid
830 1114 914 1171 latra-

128 1217 183 1277 ret,
211 1208 345 1265 “Furem
372 1228 402 1269 se
430 1210 554 1280 videre,'’
588 1210 754 1285 respondit?
788 1210 856 1284 quid
882 1209 912 1266 in

130 1303 209 1359 omni
235 1304 363 1369 oratione
390 1304 522 1377 Crassus,
549 1306 592 1363 rel
620 1307 694 1381 apud
721 1306 913 1363 centumviros
930 1315 960 1365 10

130 1410 233 1481 eontra
252 1400 419 1472 Scaevolam,
440 1402 483 1459 vel
505 1412 605 1459 eontra
624 1413 820 1459 accusatorem
843 1402 914 1487 Bro-
1027 1383 1034 1397 ’

130 1508 202 1569 tum,
227 1518 293 1555 oum
317 1518 369 1574 pro
393 1500 447 1557 Cn.
472 1500 582 1558 Planco
605 1501 733 1557 disereti
773 1499 850 1557 Nam
874 1500 914 1572 id,

130 1596 207 1669 quod
231 1605 262 1651 tu
286 1596 356 1653 mihi
380 1596 491 1668 tribuis,
513 1597 634 1669 Antoni,
656 1597 761 1656 Crasso
782 1607 834 1668 est,
854 1614 915 1654 orn·

130 1691 211 1748 nium
235 1692 387 1764 sententio,
408 1692 637 1752 consedendum.
677 1694 745 1752 Non
763 1694 840 1752 enirn
855 1693 914 1751 sere

131 1789 281 1864 quisquam
307 1791 473 1864 reperietur,
500 1802 603 1867 praeter
628 1790 716 1861 hune,
738 1791 768 1848 in
793 1803 915 1866 utroque
930 1800 961 1849 15

131 1902 236 1962 genere
256 1886 361 1962 leporis
381 1888 533 1960 exceliens,
549 1898 578 1945 et
598 1889 657 1959 ilio,
672 1888 748 1961 quod
768 1888 798 1944 in
817 1905 917 1963 perpe·

132 1982 232 2047 tuitate
246 1983 394 2052 sermonis,
409 1984 517 2055 etheo,
532 1983 607 2058 qued
620 1983 650 2040 in
665 1983 811 2040 eeleritate
832 1993 917 2056 atque

132 2074 211 2134 dioto
231 2086 282 2134 est.
323 2077 400 2134 Nam
419 2078 481 2136 heo
494 2088 633 2153 perpetua
645 2087 745 2135 eontra
758 2078 917 2134 Scaevolam

133 2171 261 2229 Curiana
274 2171 402 2230 defensio
418 2182 478 2232 tota
498 2174 667 2231 redundarit
687 2174 829 2231 hilaritate
848 2173 917 2247 qni-

133 2269 199 2328 dam
214 2281 244 2327 et
260 2269 328 2344 joco
336 2289 343 2338 ;
365 2268 443 2326 diota
456 2269 505 2326 illa
518 2269 616 2327 brevia
627 2288 687 2326 non
701 2270 807 2327 habuit
850 2269 916 2327 Par·
931 2279 963 2331 tt)

133 2368 219 2426 oebat
245 2365 321 2424 enim
349 2366 501 2423 adversarii
517 2365 681 2442 =dignitati3
714 2365 745 2422 in
772 2385 829 2439 quo
856 2366 917 2442 ipse

133 2464 264 2522 servabat
287 2481 384 2531 soam3
415 2463 491 2538 quod
515 2472 559 2518 est
582 2462 745 2520 hominibus
767 2463 867 2521 facetis
887 2473 917 2522 et

134 2561 284 2618 aiensibus
303 2558 512 2630 diffiniamus,
533 2558 640 2616 isare
665 2559 812 2618 amanum
832 2545 918 2618 rios

134 2673 200 2714 nem
220 2664 250 2712 et
269 2665 437 2729 temporum,
458 2664 487 2712 et
513 2671 558 2725 aa,
578 2673 642 2729 quie
667 2665 829 2727 occurrent,
850 2674 916 2714 enm

134 2751 287 2810 salsissime
308 2751 366 2808 dici
385 2751 505 2826 possint,
519 2761 626 2808 tenere.
666 2749 768 2825 Itaque
786 2751 917 2808 nonnuili
931 2749 964 2800 25

135 2848 250 2906 ridionii
264 2847 395 2904 homines
409 2847 464 2904 hoo
478 2847 572 2922 ipsum
585 2865 642 2904 non
663 2846 770 2904 insulse
784 2847 919 2923 interpre·

134 2953 240 3002 tantur.
281 2944 386 3008 Dioere
400 2943 476 3000 enirn
498 2943 578 3000 aiunt
595 2943 732 3013 Ennium,
747 2943 918 3001 “flammarn

136 3060 155 3100 a
168 3040 295 3117 sapiente
315 3039 428 3098 facilius
447 3057 498 3097 ore
512 3039 542 3106 in
556 3037 673 3096 noenta
686 3030 818 3115 opprimi,
825 3055 918 3113 quem
