2184 3575
138 325 194 386 182
454 339 497 386 on
519 337 683 386 ouuroau.
869 337 964 400 [nm

181 485 289 544 candos
308 487 435 562 putavit,
474 487 577 549 Quare
602 505 660 545 nou
687 496 731 545 est
754 475 913 562 paucorum
931 485 966 544 li·

99 569 101 577 ’
181 582 319 641 bellorum
340 583 396 640 hoc
419 601 532 654 munus,
554 593 586 640 ut
606 583 637 655 ii,
657 582 707 658 qui
733 583 909 658 scripserunt
928 582 966 640 de

181 677 297 735 dicendi
306 679 430 750 ratione,
446 678 574 736 arbitrati
594 689 670 750 sunt,
684 690 778 753 neque
792 677 965 750 Tusculani,

73 809 75 817 ι
182 783 265 849 atque
297 775 381 850 hujus
415 774 613 832 ambulationis
646 774 887 845 antemeridianae,
917 783 967 832 aut

150 875 166 924 a
181 881 284 928 nostrae
297 870 500 946 pomeridiana
514 871 658 930 sessionis.
699 871 769 928 Non
782 869 859 928 enim
872 871 966 928 solum

182 967 312 1024 acuenda
341 967 425 1024 nobis
452 983 548 1042 neque
572 967 759 1042 procudenda
787 967 886 1043 lingua
911 976 966 1040 est,

181 1061 232 1119 sed
246 1063 425 1121 onerandum
446 1063 705 1140 complendumque
717 1073 819 1138 pectus
832 1061 967 1120 maximo

181 1175 244 1215 rum
277 1177 371 1216 rarum
405 1170 434 1217 et
465 1159 652 1235 plurimarum
688 1156 836 1231 suavitate,
870 1157 965 1235 copii,

181 1255 324 1313 varietate.
418 1280 422 1298 ¹

137 1453 167 1504 10
220 1447 336 1531 XXXI.
367 1447 475 1506 Nostra
495 1459 538 1506 est
558 1448 635 1506 euim
663 1446 702 1525 (si
728 1447 814 1504 modo
832 1465 887 1504 uos
904 1463 967 1506 ora-

181 1553 256 1601 tores
276 1563 383 1614 sumus,
398 1544 422 1600 si
443 1544 472 1600 in
494 1543 599 1600 civium
619 1542 883 1618 disceptationibus,
896 1541 921 1598 si
935 1541 966 1599 in

181 1638 326 1714 periculis,
347 1639 371 1694 si
398 1639 427 1694 in
455 1639 709 1696 deliberationibus
734 1639 866 1714 publicis,
888 1635 967 1695 adbi-

183 1733 269 1792 bendi
290 1743 421 1791 auctores
441 1745 470 1792 et
484 1734 633 1811 ‘principes
660 1736 772 1813 sumus)
794 1743 890 1792 nostra
911 1742 968 1808 est,

182 1832 309 1905 inquam,
324 1830 417 1887 omnis
438 1830 492 1887 ista
511 1830 670 1905 prudentie
690 1831 885 1906 doctrinaeque
903 1848 970 1906 pos»

137 1938 168 1988 15
183 1926 280 1997 sessio,
301 1926 330 1981 iu
351 1944 436 2000 quam
457 1926 595 1997 homines,
615 1927 696 2001 quasi
716 1926 856 1985 caducam
883 1937 969 2003 atqua

184 2040 313 2093 vacuam,
336 2023 512 2079 abundantes
532 2023 602 2093 otio,
624 2022 722 2101 (nobis
741 2023 904 2102 occupatis)
924 2022 968 2079 iu·

183 2119 357 2189 volaverunt,
373 2127 455 2195 atque
469 2118 554 2176 etiarn
577 2130 625 2177 aut
645 2119 796 2177 irridentes
813 2129 967 2192 oratorem,

182 2225 215 2273 ut
234 2215 283 2273 ille
303 2215 332 2272 iu
353 2215 462 2291 Gorgid
483 2216 627 2287 Socrates,
649 2215 827 2286 cavillantur,
848 2224 897 2272 aut
918 2214 968 2272 ali·

183 2310 251 2386 quid
272 2311 308 2369 de
328 2311 449 2369 oratoris
470 2321 529 2368 arte
549 2312 650 2387 paucis
668 2311 838 2387 precipiunt
853 2310 968 2384 libellis,

137 2421 169 2471 no
183 2424 290 2481 cosque
303 2407 461 2465 rhetoricos
482 2408 651 2479 inscribunt,
665 2408 746 2483 quasi
762 2426 821 2465 non
841 2407 890 2465 illa
909 2407 968 2464 siut

182 2502 297 2578 propria
317 2502 471 2574 rhetorum,
486 2522 549 2577 quaa
570 2505 606 2561 ab
625 2503 726 2560 iisdem
746 2503 783 2559 de
795 2502 915 2578 justitia,
929 2502 968 2560 dc

182 2596 289 2668 officio,
304 2597 340 2654 de
355 2597 517 2655 civitatibus
538 2598 720 2655 instituendis
733 2605 762 2654 et
772 2597 917 2673 regendis,
930 2597 968 2656 dc

184 2694 263 2749 omui
277 2692 399 2764 vivendi,
413 2693 538 2768 denique
557 2693 643 2751 etiarn
664 2692 701 2749 de
720 2702 827 2750 nature
847 2693 967 2765 ratione,

184 2786 328 2845 dicuntur.
367 2788 444 2850 Qun
464 2788 600 2864 quoniam
617 2788 676 2863 jam
697 2787 811 2845 aliunde
829 2806 888 2845 nou
903 2806 968 2865 pos·

139 2897 171 2949 ᾖ
185 2900 291 2955 sumus,
306 2884 445 2941 sumenda
462 2892 528 2941 sunt
547 2884 631 2941 nobis
644 2884 681 2941 ab
694 2883 730 2941 iis
742 2883 820 2959 ipsis,
835 2884 968 2960 aquibus

185 2977 302 3055 expilati
321 2996 435 3050 sumus;
460 2979 616 3043 dummodo
633 2979 683 3039 illa
701 2978 738 3037 ad
758 2979 834 3039 banc
853 2980 967 3039 civilem

185 3074 346 3148 scientiam,
372 3092 429 3151 quo
454 3073 607 3153 portinent,
633 3085 664 3135 et
690 3090 777 3152 qnam
808 3075 966 3154 intuentur,
