2184 3575
136 327 178 387 26
458 338 502 387 na
524 338 687 387 onerosa
782 332 786 339 ·
889 340 971 399 [nra

185 487 246 563 ipse
267 488 403 562 elaborat,
423 508 482 547 non
502 490 644 567 explicare
663 489 748 547 nobis
766 499 858 547 totum
878 508 972 567 genus

184 584 241 642 hoc
258 586 386 662 jocandi,
407 586 490 660 quale
513 586 561 658 sit,
581 596 610 645 et
629 586 706 643 unde
733 573 871 656 ducatur;
899 606 972 662 prae·

184 683 281 739 sertim
310 701 375 740 oum
404 692 511 739 tantam
538 682 596 739 vim
623 694 652 740 et
675 683 827 739 utilitatem
850 683 918 740 salis
940 694 971 741 et

183 778 354 836 urbanitatis
390 798 453 837 esse
490 779 630 838 fateatur?
689 779 771 840 Quid
808 779 842 850 si,
876 780 971 854 inquit

150 873 287 946 blulius,
310 875 447 931 assentior
474 874 605 932 Antonio
631 875 750 945 dicenti,
770 874 879 933 nullam
905 894 970 933 esse

184 978 272 1027 artem
300 970 386 1029 salis?
440 970 500 1028 Hic
527 990 593 1029 cum
623 971 768 1047 Sulpicius
794 972 969 1044 reticuisset,

182 1066 275 1128 Quasi
296 1085 373 1137 vero,
395 1067 487 1141 inquit
507 1067 638 1138 Crassus,
659 1068 760 1124 horum
781 1068 916 1143 ipsorum,
931 1069 969 1125 de

183 1162 286 1236 quibus
306 1163 451 1221 Antonius
475 1162 584 1239 jamdiu
605 1163 740 1237 loquitur,
762 1182 808 1221 ars
834 1163 893 1237 ulla
920 1165 967 1223 sit.

182 1256 353 1315 Observatio
380 1259 509 1333 quaedam
536 1270 589 1331 est,
617 1269 649 1316 ut
676 1259 736 1335 ipse
762 1260 843 1331 dixit,
858 1279 967 1318 -earum

136 1361 166 1409 10
182 1372 363 1430 rerumque
384 1355 413 1415 in
434 1355 559 1413 dioendo
578 1355 689 1425 valem3
711 1376 774 1430 quae
794 1356 969 1431 sieloquen·

182 1459 225 1509 tes
258 1451 353 1509 lacere
385 1462 489 1527 posset,
516 1451 580 1526 quis
613 1462 688 1509 esset
721 1470 779 1508 non
810 1452 966 1527 eloquensl

180 1546 258 1609 Quis
278 1547 356 1611 enim
376 1548 438 1605 haec
458 1565 516 1604 non
536 1548 579 1604 vel
602 1540 696 1618 facile,
711 1548 754 1605 vel
771 1557 849 1605 certe
870 1548 966 1623 aliquo

181 1643 276 1714 modo,
297 1654 393 1718 posset
416 1643 565 1701 ediscerel
618 1644 677 1699 Sed
703 1662 757 1719 ego
777 1644 806 1699 in
827 1643 872 1700 his
897 1665 966 1720 prte-

181 1738 272 1815 oeptis
286 1738 362 1796 hano
375 1738 432 1796 vim
446 1749 474 1797 et
488 1739 563 1798 hanc
584 1739 735 1798 utilitatem
756 1758 819 1798 esse
836 1740 965 1814 arbitror,

134 1844 165 1894 15
180 1853 239 1892 non
272 1845 304 1892 ut
337 1836 372 1892 ad
405 1836 615 1914 reperiendum,
641 1836 710 1910 quid
738 1836 877 1908 dicamus,
906 1849 965 1895 arte

180 1931 329 2002 ducamur,
349 1932 400 1988 sed
427 1942 458 1990 ut
481 1952 525 2003 ea,
546 1951 609 2007 que
636 1933 748 2003 naturai,
769 1953 832 2007 quae
859 1934 965 2005 studio,

179 2045 242 2103 quae
263 2027 467 2085 exercitatione
494 2027 707 2101 consequimur,
729 2038 777 2086 aut
797 2039 877 2086 reota
902 2048 964 2087 esse

178 2123 368 2194 confidamus,
390 2134 437 2180 aut
464 2142 551 2199 prava
577 2123 779 2200 intelligamus,
807 2143 883 2195 oum,
906 2143 964 2200 quo

179 2220 328 2286 referenda
346 2220 412 2290 sint,
427 2220 621 2276 didicerimus.
661 2220 772 2291 Quare,
787 2220 894 2291 Caesar,
908 2240 964 2298 ego

132 2323 164 2374 tto
181 2335 291 2391 quoque
306 2336 323 2375 a
336 2327 364 2374 te
378 2317 434 2374 hoo
447 2327 524 2392 peto,
539 2326 580 2388 ut,
595 2316 619 2373 si
633 2316 686 2374 tibi
700 2316 821 2386 videtur,
836 2316 963 2391 disputes

180 2411 216 2468 de
230 2411 285 2470 hoo
298 2422 359 2470 toto
374 2412 492 2489 jocandi
512 2431 628 2489 gauere,
643 2411 841 2486 quidsentias,
856 2430 964 2485 nequa

180 2507 251 2576 forte
271 2508 386 2566 dicendi
406 2503 480 2584 pars,
496 2509 631 2583 quoniam
652 2508 692 2566 ita
710 2507 849 2576 voluistis,
863 2506 894 2562 in
907 2507 963 2565 hoc

179 2603 230 2662 tali
250 2615 336 2676 oratu,
352 2615 436 2680 atque
456 2605 485 2662 in
505 2615 565 2663 tam
586 2613 721 2662 aoourato
741 2620 882 2672 sermone,
894 2621 963 2678 pra-

180 2700 265 2758 terita
284 2719 346 2758 esse
366 2701 503 2759 videatur.
546 2700 611 2777 Ego
625 2717 702 2769 vero,
717 2698 808 2773 inquit
822 2696 881 2769 ille,
894 2715 963 2772 quo·

130 2809 163 2858 25
179 2795 256 2854 niam
284 2797 435 2855 collectam
456 2817 472 2856 a
492 2795 623 2867 convivii,
651 2795 764 2881 Crasse,
784 2793 884 2869 exigis,
904 2813 962 2852 non

179 2893 366 2966 committam,
387 2904 428 2966 ut,
449 2893 473 2950 si
495 2891 669 2968 defugerim,
690 2890 743 2948 tibi
771 2908 886 2948 causam
914 2891 962 2949 ali·

179 3007 264 3066 quam
291 2990 355 3048 dem
383 2988 552 3048 recusandi:
586 3005 748 3063 quanquam
775 2985 855 3044 soleo
887 3007 962 3064 sepa

179 3086 275 3147 mirari
296 3105 395 3146 eorum
416 3084 634 3162 impudentiam,
647 3084 697 3158 qui
717 3093 807 3162 agunt
825 3083 856 3143 in
874 3084 964 3144 scant
