2184 3575
146 315 202 374 134
463 329 507 380 nn
529 331 693 378 onaaosn
877 330 915 389 [n.
926 329 972 374 111.

229 475 360 536 XXXH.
391 476 451 536 Hic
477 478 607 550 Catulus,
634 477 685 535 Dii
711 475 903 534 immortales!
930 475 974 534 in·

189 573 266 648 quit;
288 577 422 648 quantam
442 590 536 632 rerum
558 574 733 645 varietatem,
749 584 884 649 quantam
904 573 973 645 vim,

190 681 325 744 quautam
344 670 464 746 copiam,
479 669 594 741 Crasse,
608 670 774 744 complexus
792 687 834 741 es,
848 668 974 744 quantis·

190 782 245 838 que
266 783 301 820 ex
321 763 460 840 angustiis
479 776 622 821 oratorem
641 762 765 821 educere
786 781 871 819 ausus
888 781 930 832 es,
944 771 974 818 et

159 859 220 916 cin
234 859 372 935 majorum
392 877 507 917 suorum
528 877 618 934 regno
637 857 796 916 collocare!
838 857 973 932 Namque

190 955 254 1012 illos
267 965 376 1012 veteres
389 955 519 1012 doctores
533 964 720 1029 auctoresque
733 953 849 1012 dicendi
862 953 973 1010 nullum

190 1069 281 1127 genus
294 1049 493 1126 disputationis
508 1070 524 1108 a
537 1069 568 1108 se
583 1050 707 1108 alienum
725 1051 841 1126 pucros
862 1049 974 1124 accepi·

190 1164 263 1216 mus,
283 1164 450 1222 semperque
470 1165 532 1204 csse
553 1147 583 1203 in
602 1146 682 1209 omni
701 1145 840 1204 orationis
862 1145 974 1203 ratione

190 1253 322 1302 versatos.
363 1241 408 1300 Ex
421 1242 524 1318 quibus
540 1242 631 1300 Eleus
651 1242 781 1318 Hippias,
796 1261 862 1300 cum
876 1241 976 1316 Olym·

146 1353 177 1402 10
189 1337 265 1414 piam
280 1339 412 1411 venisset,
426 1339 550 1397 maximi
571 1338 620 1396 illa
638 1337 842 1414 quinquennali
856 1337 976 1394 celebri·

190 1444 248 1492 tate
262 1435 403 1506 ludorum,
418 1435 556 1512 gloriatus
575 1445 628 1505 est,
643 1433 749 1491 cunctti
762 1451 844 1509 paene
858 1433 975 1492 audien·

190 1539 219 1588 tc
232 1531 356 1602 Graecid,
371 1531 441 1590 nihil
455 1549 518 1588 esse
532 1531 590 1588 ullt
604 1532 633 1588 in
649 1541 708 1587 arte
726 1548 825 1591 rerum,
834 1529 974 1600 omnium,

190 1627 266 1700 quod
281 1627 340 1703 ipse
355 1626 493 1697 nesciret3
515 1645 571 1684 nec
590 1626 682 1683 scium
702 1625 754 1683 has
773 1637 856 1695 artes,
871 1624 975 1700 quibus

190 1721 321 1780 liberales
340 1722 477 1780 doctrinae
498 1732 582 1797 atque
601 1722 734 1799 ingenuae
748 1721 974 1793 continerentur,

145 1826 176 1875 15
190 1818 385 1894 geometriam,
400 1818 550 1889 musicam,
563 1818 710 1875 literarum
725 1818 930 1894 cognitionem,
945 1828 976 1875 et

184 1917 348 1989 poctarum,
364 1924 451 1988 atque
463 1913 520 1985 illa,
535 1932 598 1989 quc
613 1913 649 1970 de
662 1913 772 1973 naturis
792 1932 898 1984 rerum,
911 1933 975 1990 que

191 2008 227 2067 de
254 2009 402 2070 hominum
434 2009 572 2080 moribus,
600 2028 663 2084 quc
697 2009 733 2065 de
766 2009 976 2084 rebuspublicis

190 2104 370 2176 dicerentur3
404 2106 455 2165 scd
483 2106 630 2177 annulum,
654 2124 737 2180 quem
765 2105 892 2177 haberet,
915 2105 977 2181 pal·
1080 2109 1081 2166 i

191 2201 271 2273 lium,
285 2220 341 2277 quo
364 2203 494 2273 amictus,
509 2220 621 2274 soccos,
636 2202 740 2278 quihus
759 2201 876 2259 indutus
888 2210 974 2273 esset,

144 2309 175 2359 2⁰
191 2316 221 2355 se
248 2298 300 2355 sud
325 2317 413 2357 manu
440 2298 608 2356 confecisse.
667 2297 788 2355 Scilicet
814 2297 901 2355 nimis
926 2297 977 2355 hic

191 2392 306 2468 quidem
326 2404 369 2451 est
388 2412 564 2471 progressus,
585 2393 636 2452 sed
656 2412 693 2449 ex
712 2412 747 2450 eo
765 2393 828 2468 ipso
849 2403 976 2453 estcon·

190 2584 413 2659 praeciarissimis
434 2586 541 2643 artibus
562 2583 741 2659 appetierint,
760 2583 809 2657 qui
828 2602 866 2641 nc
886 2583 976 2641 sordi·

192 2678 287 2737 diores
313 2679 427 2754 quidem
454 2678 639 2755 repudiarint
678 2678 760 2740 Quid
786 2679 823 2735 de
849 2678 977 2735 Prodico

144 2788 176 2839 25
192 2774 287 2832 cniot
313 2776 381 2851 quid
405 2776 440 2833 de
467 2775 685 2849 Thrasymacho
711 2772 919 2844 Chalcedonio,
937 2774 976 2832 de

184 2869 345 2946 ,Protagora
365 2869 515 2940 Abderitd,
535 2869 655 2944 loquar?
678 2887 799 2945 quorum
825 2869 977 2943 unusquis·

192 2982 248 3039 qne
266 2965 419 3041 plurimum
439 2964 618 3041 temporibus
635 2966 702 3038 illis,
715 2964 801 3022 etiam
822 2964 974 3034 donaturi

191 3078 297 3133 rerum,
317 3061 498 3121 ctdisseruit
518 3070 548 3120 ct
566 3060 688 3138 scripsit.
728 3060 795 3138 lpse
815 3062 863 3121 ille
882 3062 976 3129 Leop-
