<?xml version="1.0" encoding="UTF-8"?>
<!DOCTYPE html PUBLIC "-//W3C//DTD XHTML 1.0 Transitional//EN"
    "http://www.w3.org/TR/xhtml1/DTD/xhtml1-transitional.dtd">
<html xmlns="http://www.w3.org/1999/xhtml" xml:lang="en" lang="en">
 <head>
  <title>
</title>
<meta http-equiv="Content-Type" content="text/html;charset=utf-8" />
  <meta name='ocr-system' content='tesseract 3.04.00' />
  <meta name='ocr-capabilities' content='ocr_page ocr_carea ocr_par ocr_line ocrx_word'/>
</head>
<body>
  <div class='ocr_page' id='page_1' title='image "./mtciceronisadqu02dillgoog_0110.png"; bbox 0 0 2184 3575; ppageno 0'>
   <div class='ocr_carea' id='block_1_1' title="bbox 112 308 937 378">
    <p class='ocr_par' dir='ltr' id='par_1_1' title="bbox 112 308 937 378">
     <span class='ocr_line' id='line_1_1' title="bbox 112 308 937 378; baseline -0.002 -11"><span class='ocrx_word' id='word_1_1' title='bbox 112 308 168 370; x_wconf 78' lang='lat'><strong>104</strong></span> <span class='ocrx_word' id='word_1_2' title='bbox 429 319 472 368; x_wconf 80' lang='lat' dir='ltr'><strong>ua</strong></span> <span class='ocrx_word' id='word_1_3' title='bbox 495 321 658 367; x_wconf 80' lang='lat' dir='ltr'><strong>carrona.</strong></span> <span class='ocrx_word' id='word_1_4' title='bbox 845 317 937 378; x_wconf 76' lang='lat' dir='ltr'><strong>[urm</strong></span> 
     </span>
    </p>
   </div>
   <div class='ocr_carea' id='block_1_2' title="bbox 52 466 952 2944">
    <p class='ocr_par' dir='ltr' id='par_1_2' title="bbox 52 466 952 1408">
     <span class='ocr_line' id='line_1_2' title="bbox 156 466 939 546; baseline -0.003 -19"><span class='ocrx_word' id='word_1_5' title='bbox 156 487 238 546; x_wconf 80' lang='lat' dir='ltr'><strong>paene</strong></span> <span class='ocrx_word' id='word_1_6' title='bbox 257 467 390 546; x_wconf 77' lang='lat' dir='ltr'><strong>preterii,</strong></span> <span class='ocrx_word' id='word_1_7' title='bbox 404 469 507 526; x_wconf 84' lang='lat' dir='ltr'><strong>Latine</strong></span> <span class='ocrx_word' id='word_1_8' title='bbox 526 468 672 544; x_wconf 89' lang='lat' dir='ltr'><strong>loquendi,</strong></span> <span class='ocrx_word' id='word_1_9' title='bbox 686 468 826 544; x_wconf 78' lang='lat' dir='ltr'>planeque</span> <span class='ocrx_word' id='word_1_10' title='bbox 841 466 939 531; x_wconf 86' lang='lat' dir='ltr'><strong>diceu-</strong></span> 
     </span>
     <span class='ocr_line' id='line_1_3' title="bbox 158 563 937 641; baseline -0.003 -18"><span class='ocrx_word' id='word_1_11' title='bbox 158 565 204 623; x_wconf 89' lang='lat' dir='ltr'><strong>di:</strong></span> <span class='ocrx_word' id='word_1_12' title='bbox 239 565 355 640; x_wconf 74' lang='lat' dir='ltr'><strong>relique</strong></span> <span class='ocrx_word' id='word_1_13' title='bbox 391 575 457 622; x_wconf 88' lang='lat' dir='ltr'><strong>sunt</strong></span> <span class='ocrx_word' id='word_1_14' title='bbox 493 584 615 641; x_wconf 75' lang='lat' dir='ltr'><strong>maguae,</strong></span> <span class='ocrx_word' id='word_1_15' title='bbox 648 563 810 639; x_wconf 82' lang='lat' dir='ltr'><strong>implicatae,</strong></span> <span class='ocrx_word' id='word_1_16' title='bbox 843 564 937 635; x_wconf 78' lang='lat' dir='ltr'><strong>variar,</strong></span> 
     </span>
     <span class='ocr_line' id='line_1_4' title="bbox 158 659 939 739; baseline -0.005 -19"><span class='ocrx_word' id='word_1_17' title='bbox 158 681 267 739; x_wconf 82' lang='lat' dir='ltr'><strong>graves,</strong></span> <span class='ocrx_word' id='word_1_18' title='bbox 291 663 393 738; x_wconf 88' lang='lat' dir='ltr'><strong>quibus</strong></span> <span class='ocrx_word' id='word_1_19' title='bbox 415 661 507 720; x_wconf 89' lang='lat' dir='ltr'><strong>omnis</strong></span> <span class='ocrx_word' id='word_1_20' title='bbox 531 661 680 718; x_wconf 84' lang='lat' dir='ltr'><strong>admiratio</strong></span> <span class='ocrx_word' id='word_1_21' title='bbox 703 659 822 736; x_wconf 89' lang='lat' dir='ltr'><strong>ingenii,</strong></span> <span class='ocrx_word' id='word_1_22' title='bbox 845 659 939 717; x_wconf 89' lang='lat' dir='ltr'><strong>omnis</strong></span> 
     </span>
     <span class='ocr_line' id='line_1_5' title="bbox 157 756 939 833; baseline -0.003 -19"><span class='ocrx_word' id='word_1_23' title='bbox 157 757 220 817; x_wconf 87' lang='lat' dir='ltr'><strong>laus</strong></span> <span class='ocrx_word' id='word_1_24' title='bbox 239 758 418 833; x_wconf 69' lang='lat' dir='ltr'><strong>eloquentiae,</strong></span> <span class='ocrx_word' id='word_1_25' title='bbox 439 757 610 815; x_wconf 80' lang='lat' dir='ltr'>continetur.</span> <span class='ocrx_word' id='word_1_26' title='bbox 663 757 759 814; x_wconf 89' lang='lat' dir='ltr'><strong>Nemo</strong></span> <span class='ocrx_word' id='word_1_27' title='bbox 784 756 861 814; x_wconf 88' lang='lat' dir='ltr'><strong>euim</strong></span> <span class='ocrx_word' id='word_1_28' title='bbox 887 775 939 813; x_wconf 88' lang='lat' dir='ltr'><strong>uu·</strong></span> 
     </span>
     <span class='ocr_line' id='line_1_6' title="bbox 127 853 937 930; baseline 0.004 -24"><span class='ocrx_word' id='word_1_29' title='bbox 127 859 242 930; x_wconf 72' lang='lat' dir='ltr'><strong>aquam</strong></span> <span class='ocrx_word' id='word_1_30' title='bbox 268 865 313 910; x_wconf 88' lang='lat' dir='ltr'><strong>est</strong></span> <span class='ocrx_word' id='word_1_31' title='bbox 343 853 598 928; x_wconf 66' lang='lat' dir='ltr'><strong>oratoremquod</strong></span> <span class='ocrx_word' id='word_1_32' title='bbox 631 853 734 910; x_wconf 83' lang='lat' dir='ltr'><strong>Latine</strong></span> <span class='ocrx_word' id='word_1_33' title='bbox 766 853 937 927; x_wconf 88' lang='lat' dir='ltr'><strong>loqueretur,</strong></span> 
     </span>
     <span class='ocr_line' id='line_1_7' title="bbox 160 948 938 1023; baseline -0.003 -17"><span class='ocrx_word' id='word_1_34' title='bbox 160 949 322 1007; x_wconf 79' lang='lat' dir='ltr'><strong>admiratus.</strong></span> <span class='ocrx_word' id='word_1_35' title='bbox 373 950 405 1006; x_wconf 82' lang='lat' dir='ltr'><strong>Si</strong></span> <span class='ocrx_word' id='word_1_36' title='bbox 425 959 469 1006; x_wconf 85' lang='lat' dir='ltr'><strong>est</strong></span> <span class='ocrx_word' id='word_1_37' title='bbox 489 949 579 1019; x_wconf 87' lang='lat' dir='ltr'><strong>aliter,</strong></span> <span class='ocrx_word' id='word_1_38' title='bbox 601 948 734 1020; x_wconf 75' lang='lat' dir='ltr'><strong>irrident,</strong></span> <span class='ocrx_word' id='word_1_39' title='bbox 761 965 853 1023; x_wconf 88' lang='lat' dir='ltr'><strong>neque</strong></span> <span class='ocrx_word' id='word_1_40' title='bbox 872 965 938 1004; x_wconf 88' lang='lat' dir='ltr'><strong>eum</strong></span> 
     </span>
     <span class='ocr_line' id='line_1_8' title="bbox 52 1034 938 1119; baseline 0.001 -16"><span class='ocrx_word' id='word_1_41' title='bbox 52 1092 54 1096; x_wconf 92' lang='lat'>.</span> <span class='ocrx_word' id='word_1_42' title='bbox 158 1055 298 1103; x_wconf 88' lang='lat' dir='ltr'><strong>oratorem</strong></span> <span class='ocrx_word' id='word_1_43' title='bbox 313 1034 519 1116; x_wconf 77' lang='lat' dir='ltr'><strong>tantummodo,</strong></span> <span class='ocrx_word' id='word_1_44' title='bbox 530 1045 579 1102; x_wconf 87' lang='lat' dir='ltr'><strong>sed</strong></span> <span class='ocrx_word' id='word_1_45' title='bbox 595 1045 747 1116; x_wconf 90' lang='lat' dir='ltr'><strong>homiuem,</strong></span> <span class='ocrx_word' id='word_1_46' title='bbox 758 1063 816 1100; x_wconf 92' lang='lat' dir='ltr'><strong>non</strong></span> <span class='ocrx_word' id='word_1_47' title='bbox 830 1053 938 1119; x_wconf 86' lang='lat' dir='ltr'><strong>putant.</strong></span> 
     </span>
     <span class='ocr_line' id='line_1_9' title="bbox 159 1139 938 1214; baseline -0.003 -16"><span class='ocrx_word' id='word_1_48' title='bbox 159 1140 255 1198; x_wconf 90' lang='lat' dir='ltr'><strong>Nemo</strong></span> <span class='ocrx_word' id='word_1_49' title='bbox 275 1141 374 1199; x_wconf 86' lang='lat' dir='ltr'><strong>extulit</strong></span> <span class='ocrx_word' id='word_1_50' title='bbox 392 1159 457 1198; x_wconf 89' lang='lat' dir='ltr'><strong>curn</strong></span> <span class='ocrx_word' id='word_1_51' title='bbox 478 1141 581 1212; x_wconf 90' lang='lat' dir='ltr'><strong>verbis,</strong></span> <span class='ocrx_word' id='word_1_52' title='bbox 606 1139 654 1214; x_wconf 94' lang='lat' dir='ltr'><strong>qui</strong></span> <span class='ocrx_word' id='word_1_53' title='bbox 685 1140 725 1197; x_wconf 89' lang='lat' dir='ltr'><strong>ita</strong></span> <span class='ocrx_word' id='word_1_54' title='bbox 747 1140 881 1212; x_wconf 75' lang='lat' dir='ltr'><strong>dixisset,</strong></span> <span class='ocrx_word' id='word_1_55' title='bbox 896 1149 938 1211; x_wconf 86' lang='lat' dir='ltr'><strong>ut,</strong></span> 
     </span>
     <span class='ocr_line' id='line_1_10' title="bbox 154 1235 939 1314; baseline -0.003 -20"><span class='ocrx_word' id='word_1_56' title='bbox 154 1235 208 1314; x_wconf 60' lang='lat' dir='ltr'><strong>&#39;qui</strong></span> <span class='ocrx_word' id='word_1_57' title='bbox 243 1237 383 1309; x_wconf 83' lang='lat' dir='ltr'><strong>adessent,</strong></span> <span class='ocrx_word' id='word_1_58' title='bbox 413 1237 605 1314; x_wconf 83' lang='lat' dir='ltr'><strong>intelligerent</strong></span> <span class='ocrx_word' id='word_1_59' title='bbox 637 1236 703 1310; x_wconf 87' lang='lat' dir='ltr'><strong>quid</strong></span> <span class='ocrx_word' id='word_1_60' title='bbox 737 1236 855 1308; x_wconf 92' lang='lat' dir='ltr'><strong>diceret,</strong></span> <span class='ocrx_word' id='word_1_61' title='bbox 888 1235 939 1292; x_wconf 89' lang='lat' dir='ltr'><strong>sed</strong></span> 
     </span>
     <span class='ocr_line' id='line_1_11' title="bbox 114 1333 952 1408; baseline -0.004 -16"><span class='ocrx_word' id='word_1_62' title='bbox 114 1336 144 1385; x_wconf 81' lang='lat'><strong>1⁰</strong></span> <span class='ocrx_word' id='word_1_63' title='bbox 160 1334 313 1392; x_wconf 79' lang='lat' dir='ltr'><strong>contemsit</strong></span> <span class='ocrx_word' id='word_1_64' title='bbox 325 1353 402 1405; x_wconf 88' lang='lat' dir='ltr'><strong>eum,</strong></span> <span class='ocrx_word' id='word_1_65' title='bbox 417 1334 465 1408; x_wconf 91' lang='lat' dir='ltr'><strong>qui</strong></span> <span class='ocrx_word' id='word_1_66' title='bbox 480 1333 575 1390; x_wconf 85' lang='lat' dir='ltr'><strong>minus</strong></span> <span class='ocrx_word' id='word_1_67' title='bbox 589 1333 616 1390; x_wconf 93' lang='lat' dir='ltr'><strong>id</strong></span> <span class='ocrx_word' id='word_1_68' title='bbox 632 1333 725 1390; x_wconf 86' lang='lat' dir='ltr'><strong>facere</strong></span> <span class='ocrx_word' id='word_1_69' title='bbox 738 1334 885 1408; x_wconf 84' lang='lat' dir='ltr'><strong>potuisset.</strong></span> <span class='ocrx_word' id='word_1_70' title='bbox 949 1353 952 1360; x_wconf 72' lang='grc'><em>’</em></span> 
     </span>
    </p>

    <p class='ocr_par' dir='ltr' id='par_1_3' title="bbox 159 1428 942 1795">
     <span class='ocr_line' id='line_1_12' title="bbox 198 1428 940 1506; baseline 0.001 -20"><span class='ocrx_word' id='word_1_71' title='bbox 198 1429 233 1486; x_wconf 94' lang='lat' dir='ltr'><strong>In</strong></span> <span class='ocrx_word' id='word_1_72' title='bbox 257 1449 313 1504; x_wconf 89' lang='lat' dir='ltr'><strong>qao</strong></span> <span class='ocrx_word' id='word_1_73' title='bbox 339 1429 424 1506; x_wconf 90' lang='lat' dir='ltr'><strong>igitur</strong></span> <span class='ocrx_word' id='word_1_74' title='bbox 452 1429 582 1486; x_wconf 87' lang='lat' dir='ltr'><strong>homines</strong></span> <span class='ocrx_word' id='word_1_75' title='bbox 607 1428 830 1486; x_wconf 69' lang='lat' dir='ltr'><strong>exhorrescunt!</strong></span> <span class='ocrx_word' id='word_1_76' title='bbox 856 1447 940 1504; x_wconf 89' lang='lat' dir='ltr'><strong>quem</strong></span> 
     </span>
     <span class='ocr_line' id='line_1_13' title="bbox 160 1524 942 1602; baseline 0 -20"><span class='ocrx_word' id='word_1_77' title='bbox 160 1525 311 1602; x_wconf 77' lang='lat' dir='ltr'><strong>stupefacti</strong></span> <span class='ocrx_word' id='word_1_78' title='bbox 338 1526 480 1582; x_wconf 82' lang='lat' dir='ltr'><strong>dicentem</strong></span> <span class='ocrx_word' id='word_1_79' title='bbox 510 1525 677 1581; x_wconf 83' lang='lat' dir='ltr'><strong>intuenturl</strong></span> <span class='ocrx_word' id='word_1_80' title='bbox 710 1524 739 1580; x_wconf 92' lang='lat' dir='ltr'><strong>in</strong></span> <span class='ocrx_word' id='word_1_81' title='bbox 767 1543 823 1599; x_wconf 89' lang='lat' dir='ltr'><strong>quc</strong></span> <span class='ocrx_word' id='word_1_82' title='bbox 849 1525 942 1582; x_wconf 84' lang='lat' dir='ltr'><strong>excla-</strong></span> 
     </span>
     <span class='ocr_line' id='line_1_14' title="bbox 160 1620 942 1696; baseline -0.001 -17"><span class='ocrx_word' id='word_1_83' title='bbox 160 1623 259 1679; x_wconf 80' lang='lat' dir='ltr'><strong>manti</strong></span> <span class='ocrx_word' id='word_1_84' title='bbox 280 1639 363 1696; x_wconf 89' lang='lat' dir='ltr'><strong>qucnr</strong></span> <span class='ocrx_word' id='word_1_85' title='bbox 384 1621 488 1691; x_wconf 91' lang='lat' dir='ltr'><strong>Deum,</strong></span> <span class='ocrx_word' id='word_1_86' title='bbox 502 1630 534 1677; x_wconf 91' lang='lat' dir='ltr'><strong>ut</strong></span> <span class='ocrx_word' id='word_1_87' title='bbox 549 1621 588 1678; x_wconf 91' lang='lat' dir='ltr'><strong>ita</strong></span> <span class='ocrx_word' id='word_1_88' title='bbox 601 1620 707 1691; x_wconf 93' lang='lat' dir='ltr'><strong>dicam,</strong></span> <span class='ocrx_word' id='word_1_89' title='bbox 721 1620 794 1677; x_wconf 91' lang='lat' dir='ltr'><strong>inter</strong></span> <span class='ocrx_word' id='word_1_90' title='bbox 811 1621 942 1678; x_wconf 86' lang='lat' dir='ltr'><strong>homines</strong></span> 
     </span>
     <span class='ocr_line' id='line_1_15' title="bbox 159 1698 942 1795; baseline -0.001 -21"><span class='ocrx_word' id='word_1_91' title='bbox 159 1718 279 1795; x_wconf 77' lang='lat' dir='ltr'><strong>putanti</strong></span> <span class='ocrx_word' id='word_1_92' title='bbox 318 1715 379 1778; x_wconf 76' lang='lat' dir='ltr'><strong>Qui</strong></span> <span class='ocrx_word' id='word_1_93' title='bbox 401 1717 544 1788; x_wconf 91' lang='lat' dir='ltr'><strong>distincte,</strong></span> <span class='ocrx_word' id='word_1_94' title='bbox 559 1716 608 1792; x_wconf 91' lang='lat' dir='ltr'><strong>qui</strong></span> <span class='ocrx_word' id='word_1_95' title='bbox 628 1698 781 1791; x_wconf 83' lang='lat' dir='ltr'><strong>explicate,</strong></span> <span class='ocrx_word' id='word_1_96' title='bbox 790 1717 839 1793; x_wconf 90' lang='lat' dir='ltr'><strong>qui</strong></span> <span class='ocrx_word' id='word_1_97' title='bbox 856 1717 942 1774; x_wconf 87' lang='lat' dir='ltr'><strong>abun·</strong></span> 
     </span>
    </p>

    <p class='ocr_par' dir='ltr' id='par_1_4' title="bbox 115 1812 944 2274">
     <span class='ocr_line' id='line_1_16' title="bbox 115 1812 941 1888; baseline 0 -18"><span class='ocrx_word' id='word_1_98' title='bbox 115 1812 146 1863; x_wconf 75' lang='lat'><strong>15</strong></span> <span class='ocrx_word' id='word_1_99' title='bbox 161 1813 270 1884; x_wconf 85' lang='lat' dir='ltr'><strong>denter,</strong></span> <span class='ocrx_word' id='word_1_100' title='bbox 285 1813 333 1888; x_wconf 90' lang='lat' dir='ltr'><strong>qui</strong></span> <span class='ocrx_word' id='word_1_101' title='bbox 354 1813 511 1870; x_wconf 89' lang='lat' dir='ltr'><strong>illuminate</strong></span> <span class='ocrx_word' id='word_1_102' title='bbox 531 1822 560 1870; x_wconf 88' lang='lat' dir='ltr'><strong>et</strong></span> <span class='ocrx_word' id='word_1_103' title='bbox 580 1813 665 1870; x_wconf 88' lang='lat' dir='ltr'><strong>rebus</strong></span> <span class='ocrx_word' id='word_1_104' title='bbox 678 1822 707 1869; x_wconf 89' lang='lat' dir='ltr'><strong>et</strong></span> <span class='ocrx_word' id='word_1_105' title='bbox 719 1813 813 1870; x_wconf 87' lang='lat' dir='ltr'><strong>verbis</strong></span> <span class='ocrx_word' id='word_1_106' title='bbox 832 1814 941 1885; x_wconf 89' lang='lat' dir='ltr'><strong>dicunt,</strong></span> 
     </span>
     <span class='ocr_line' id='line_1_17' title="bbox 161 1908 943 1984; baseline 0.001 -18"><span class='ocrx_word' id='word_1_107' title='bbox 161 1918 191 1969; x_wconf 90' lang='lat' dir='ltr'><strong>et</strong></span> <span class='ocrx_word' id='word_1_108' title='bbox 217 1908 246 1965; x_wconf 88' lang='lat' dir='ltr'><strong>iu</strong></span> <span class='ocrx_word' id='word_1_109' title='bbox 273 1908 334 1984; x_wconf 73' lang='lat' dir='ltr'><strong>ipsi</strong></span> <span class='ocrx_word' id='word_1_110' title='bbox 360 1909 488 1966; x_wconf 88' lang='lat' dir='ltr'><strong>oratione</strong></span> <span class='ocrx_word' id='word_1_111' title='bbox 514 1908 595 1983; x_wconf 88' lang='lat' dir='ltr'><strong>quasi</strong></span> <span class='ocrx_word' id='word_1_112' title='bbox 622 1909 764 1983; x_wconf 87' lang='lat' dir='ltr'><strong>quendam</strong></span> <span class='ocrx_word' id='word_1_113' title='bbox 792 1928 943 1967; x_wconf 90' lang='lat' dir='ltr'><strong>numerum</strong></span> 
     </span>
     <span class='ocr_line' id='line_1_18' title="bbox 161 2004 941 2080; baseline 0.001 -18"><span class='ocrx_word' id='word_1_114' title='bbox 161 2023 329 2080; x_wconf 88' lang='lat' dir='ltr'><strong>versumque</strong></span> <span class='ocrx_word' id='word_1_115' title='bbox 344 2004 517 2063; x_wconf 85' lang='lat' dir='ltr'><strong>conficiunt:</strong></span> <span class='ocrx_word' id='word_1_116' title='bbox 538 2004 634 2075; x_wconf 89' lang='lat' dir='ltr'><strong>idest,</strong></span> <span class='ocrx_word' id='word_1_117' title='bbox 649 2004 725 2079; x_wconf 93' lang='lat' dir='ltr'><strong>quod</strong></span> <span class='ocrx_word' id='word_1_118' title='bbox 743 2005 819 2077; x_wconf 86' lang='lat' dir='ltr'><strong>diac,</strong></span> <span class='ocrx_word' id='word_1_119' title='bbox 834 2015 941 2063; x_wconf 88' lang='lat' dir='ltr'><strong>ornate.</strong></span> 
     </span>
     <span class='ocr_line' id='line_1_19' title="bbox 160 2097 944 2178; baseline -0.006 -15"><span class='ocrx_word' id='word_1_120' title='bbox 160 2100 223 2163; x_wconf 80' lang='lat' dir='ltr'><strong>Qui</strong></span> <span class='ocrx_word' id='word_1_121' title='bbox 238 2102 312 2159; x_wconf 88' lang='lat' dir='ltr'><strong>idern</strong></span> <span class='ocrx_word' id='word_1_122' title='bbox 328 2097 367 2159; x_wconf 83' lang='lat' dir='ltr'><strong>ita</strong></span> <span class='ocrx_word' id='word_1_123' title='bbox 383 2101 576 2171; x_wconf 83' lang='lat' dir='ltr'><strong>moderantur,</strong></span> <span class='ocrx_word' id='word_1_124' title='bbox 590 2110 623 2157; x_wconf 92' lang='lat' dir='ltr'><strong>ut</strong></span> <span class='ocrx_word' id='word_1_125' title='bbox 643 2120 746 2172; x_wconf 92' lang='lat' dir='ltr'><strong>rerum,</strong></span> <span class='ocrx_word' id='word_1_126' title='bbox 761 2111 793 2158; x_wconf 89' lang='lat' dir='ltr'><strong>ut</strong></span> <span class='ocrx_word' id='word_1_127' title='bbox 812 2118 944 2178; x_wconf 84' lang='lat' dir='ltr'><strong>persona·</strong></span> 
     </span>
     <span class='ocr_line' id='line_1_20' title="bbox 162 2197 943 2274; baseline 0 -21"><span class='ocrx_word' id='word_1_128' title='bbox 162 2216 224 2256; x_wconf 91' lang='lat' dir='ltr'><strong>rum</strong></span> <span class='ocrx_word' id='word_1_129' title='bbox 251 2197 404 2274; x_wconf 82' lang='lat' dir='ltr'><strong>dignitates</strong></span> <span class='ocrx_word' id='word_1_130' title='bbox 431 2197 534 2267; x_wconf 86' lang='lat' dir='ltr'><strong>ferunt,</strong></span> <span class='ocrx_word' id='word_1_131' title='bbox 562 2198 583 2253; x_wconf 91' lang='lat' dir='ltr'><strong>ii</strong></span> <span class='ocrx_word' id='word_1_132' title='bbox 614 2207 680 2254; x_wconf 91' lang='lat' dir='ltr'><strong>sunt</strong></span> <span class='ocrx_word' id='word_1_133' title='bbox 707 2197 735 2253; x_wconf 92' lang='lat' dir='ltr'><strong>iu</strong></span> <span class='ocrx_word' id='word_1_134' title='bbox 769 2216 807 2254; x_wconf 88' lang='lat' dir='ltr'><strong>ec</strong></span> <span class='ocrx_word' id='word_1_135' title='bbox 837 2215 943 2273; x_wconf 86' lang='lat' dir='ltr'><strong>genere</strong></span> 
     </span>
    </p>

    <p class='ocr_par' dir='ltr' id='par_1_5' title="bbox 115 2292 944 2448">
     <span class='ocr_line' id='line_1_21' title="bbox 115 2292 944 2369; baseline 0 -20"><span class='ocrx_word' id='word_1_136' title='bbox 115 2292 147 2343; x_wconf 79' lang='lat'><strong>2⁰</strong></span> <span class='ocrx_word' id='word_1_137' title='bbox 161 2292 297 2350; x_wconf 84' lang='lat' dir='ltr'><strong>laudandi</strong></span> <span class='ocrx_word' id='word_1_138' title='bbox 316 2292 418 2362; x_wconf 88' lang='lat' dir='ltr'><strong>laudis,</strong></span> <span class='ocrx_word' id='word_1_139' title='bbox 440 2292 516 2367; x_wconf 92' lang='lat' dir='ltr'><strong>quod</strong></span> <span class='ocrx_word' id='word_1_140' title='bbox 541 2312 597 2369; x_wconf 89' lang='lat' dir='ltr'><strong>ego</strong></span> <span class='ocrx_word' id='word_1_141' title='bbox 618 2302 714 2369; x_wconf 90' lang='lat' dir='ltr'><strong>aptum</strong></span> <span class='ocrx_word' id='word_1_142' title='bbox 734 2302 763 2351; x_wconf 89' lang='lat' dir='ltr'><strong>et</strong></span> <span class='ocrx_word' id='word_1_143' title='bbox 782 2309 944 2369; x_wconf 87' lang='lat' dir='ltr'><strong>congruens</strong></span> 
     </span>
     <span class='ocr_line' id='line_1_22' title="bbox 160 2389 285 2448; baseline 0.024 -3"><span class='ocrx_word' id='word_1_144' title='bbox 160 2389 285 2448; x_wconf 91' lang='lat' dir='ltr'><strong>nomino.</strong></span> 
     </span>
    </p>

    <p class='ocr_par' dir='ltr' id='par_1_6' title="bbox 162 2484 944 2748">
     <span class='ocr_line' id='line_1_23' title="bbox 198 2484 943 2562; baseline -0.004 -18"><span class='ocrx_word' id='word_1_145' title='bbox 198 2484 263 2545; x_wconf 80' lang='lat' dir='ltr'><strong>Qui</strong></span> <span class='ocrx_word' id='word_1_146' title='bbox 277 2485 317 2542; x_wconf 85' lang='lat' dir='ltr'><strong>ita</strong></span> <span class='ocrx_word' id='word_1_147' title='bbox 331 2486 468 2557; x_wconf 89' lang='lat' dir='ltr'><strong>dicerent,</strong></span> <span class='ocrx_word' id='word_1_148' title='bbox 483 2504 532 2543; x_wconf 87' lang='lat' dir='ltr'><strong>ecs</strong></span> <span class='ocrx_word' id='word_1_149' title='bbox 552 2485 667 2562; x_wconf 86' lang='lat' dir='ltr'><strong>negarit</strong></span> <span class='ocrx_word' id='word_1_150' title='bbox 688 2484 781 2542; x_wconf 89' lang='lat' dir='ltr'><strong>adhuc</strong></span> <span class='ocrx_word' id='word_1_151' title='bbox 795 2484 943 2542; x_wconf 81' lang='lat' dir='ltr'><strong>sevidisse</strong></span> 
     </span>
     <span class='ocr_line' id='line_1_24' title="bbox 162 2580 944 2657; baseline 0 -20"><span class='ocrx_word' id='word_1_152' title='bbox 162 2580 317 2653; x_wconf 88' lang='lat' dir='ltr'><strong>Antonius,</strong></span> <span class='ocrx_word' id='word_1_153' title='bbox 351 2592 380 2639; x_wconf 88' lang='lat' dir='ltr'><strong>et</strong></span> <span class='ocrx_word' id='word_1_154' title='bbox 406 2582 441 2638; x_wconf 83' lang='lat' dir='ltr'><strong>iis</strong></span> <span class='ocrx_word' id='word_1_155' title='bbox 464 2583 520 2638; x_wconf 86' lang='lat' dir='ltr'><strong>lroc</strong></span> <span class='ocrx_word' id='word_1_156' title='bbox 552 2598 655 2639; x_wconf 88' lang='lat' dir='ltr'><strong>nomen</strong></span> <span class='ocrx_word' id='word_1_157' title='bbox 678 2580 750 2637; x_wconf 84' lang='lat' dir='ltr'><strong>dixit</strong></span> <span class='ocrx_word' id='word_1_158' title='bbox 775 2580 944 2657; x_wconf 70' lang='lat' dir='ltr'><strong>eloquentie</strong></span> 
     </span>
     <span class='ocr_line' id='line_1_25' title="bbox 163 2676 944 2748; baseline -0.001 -15"><span class='ocrx_word' id='word_1_159' title='bbox 163 2676 230 2734; x_wconf 88' lang='lat' dir='ltr'><strong>solis</strong></span> <span class='ocrx_word' id='word_1_160' title='bbox 250 2694 313 2734; x_wconf 84' lang='lat' dir='ltr'><strong>esce</strong></span> <span class='ocrx_word' id='word_1_161' title='bbox 333 2677 525 2735; x_wconf 90' lang='lat' dir='ltr'><strong>tribuendum.</strong></span> <span class='ocrx_word' id='word_1_162' title='bbox 565 2676 667 2737; x_wconf 81' lang='lat' dir='ltr'><strong>Quare</strong></span> <span class='ocrx_word' id='word_1_163' title='bbox 686 2696 785 2735; x_wconf 86' lang='lat' dir='ltr'><strong>omues</strong></span> <span class='ocrx_word' id='word_1_164' title='bbox 805 2678 883 2748; x_wconf 86' lang='lat' dir='ltr'><strong>istos,</strong></span> <span class='ocrx_word' id='word_1_165' title='bbox 898 2692 944 2733; x_wconf 87' lang='lat' dir='ltr'><strong>me</strong></span> 
     </span>
    </p>

    <p class='ocr_par' dir='ltr' id='par_1_7' title="bbox 115 2771 945 2944">
     <span class='ocr_line' id='line_1_26' title="bbox 115 2771 944 2849; baseline -0.001 -19"><span class='ocrx_word' id='word_1_166' title='bbox 115 2778 148 2830; x_wconf 68' lang='lat'><strong>25</strong></span> <span class='ocrx_word' id='word_1_167' title='bbox 164 2787 289 2841; x_wconf 86' lang='lat' dir='ltr'><strong>auctore,</strong></span> <span class='ocrx_word' id='word_1_168' title='bbox 310 2773 438 2831; x_wconf 90' lang='lat' dir='ltr'><strong>deridete</strong></span> <span class='ocrx_word' id='word_1_169' title='bbox 466 2782 549 2847; x_wconf 87' lang='lat' dir='ltr'><strong>atque</strong></span> <span class='ocrx_word' id='word_1_170' title='bbox 570 2773 755 2843; x_wconf 90' lang='lat' dir='ltr'><strong>contemnite,</strong></span> <span class='ocrx_word' id='word_1_171' title='bbox 775 2772 824 2848; x_wconf 90' lang='lat' dir='ltr'><strong>qui</strong></span> <span class='ocrx_word' id='word_1_172' title='bbox 836 2790 875 2849; x_wconf 47' lang='lat' dir='ltr'><strong>xsa</strong></span> <span class='ocrx_word' id='word_1_173' title='bbox 895 2771 944 2829; x_wconf 90' lang='lat' dir='ltr'><strong>ho·</strong></span> 
     </span>
     <span class='ocr_line' id='line_1_27' title="bbox 162 2867 945 2944; baseline -0.001 -19"><span class='ocrx_word' id='word_1_174' title='bbox 162 2886 235 2939; x_wconf 91' lang='lat' dir='ltr'><strong>rum,</strong></span> <span class='ocrx_word' id='word_1_175' title='bbox 255 2868 304 2944; x_wconf 92' lang='lat' dir='ltr'><strong>qui</strong></span> <span class='ocrx_word' id='word_1_176' title='bbox 327 2888 405 2929; x_wconf 90' lang='lat' dir='ltr'><strong>nunc</strong></span> <span class='ocrx_word' id='word_1_177' title='bbox 432 2870 472 2927; x_wconf 91' lang='lat' dir='ltr'><strong>ita</strong></span> <span class='ocrx_word' id='word_1_178' title='bbox 499 2868 684 2943; x_wconf 81' lang='lat' dir='ltr'><strong>appellantur,</strong></span> <span class='ocrx_word' id='word_1_179' title='bbox 705 2867 849 2927; x_wconf 86' lang='lat' dir='ltr'><strong>rhetorum</strong></span> <span class='ocrx_word' id='word_1_180' title='bbox 874 2886 945 2943; x_wconf 79' lang='lat' dir='ltr'><strong>prae·</strong></span> 
     </span>
    </p>
   </div>
   <div class='ocr_carea' id='block_1_3' title="bbox 163 2962 944 3135">
    <p class='ocr_par' dir='ltr' id='par_1_8' title="bbox 163 2962 944 3135">
     <span class='ocr_line' id='line_1_28' title="bbox 163 2962 944 3045; baseline 0 -24"><span class='ocrx_word' id='word_1_181' title='bbox 163 2964 254 3040; x_wconf 89' lang='lat' dir='ltr'><strong>ceptis</strong></span> <span class='ocrx_word' id='word_1_182' title='bbox 280 2982 393 3022; x_wconf 90' lang='lat' dir='ltr'><strong>omnem</strong></span> <span class='ocrx_word' id='word_1_183' title='bbox 420 2975 564 3022; x_wconf 89' lang='lat' dir='ltr'><strong>oratorum</strong></span> <span class='ocrx_word' id='word_1_184' title='bbox 595 2964 653 3021; x_wconf 86' lang='lat' dir='ltr'><strong>vim</strong></span> <span class='ocrx_word' id='word_1_185' title='bbox 686 2962 853 3045; x_wconf 9' lang='lat' dir='ltr'><strong>complexos*</strong></span> <span class='ocrx_word' id='word_1_186' title='bbox 881 2982 944 3021; x_wconf 89' lang='lat' dir='ltr'><strong>esse</strong></span> 
     </span>
     <span class='ocr_line' id='line_1_29' title="bbox 164 3060 943 3135; baseline -0.005 -16"><span class='ocrx_word' id='word_1_187' title='bbox 164 3060 345 3132; x_wconf 83' lang='lat' dir='ltr'><strong>arbitrentur,</strong></span> <span class='ocrx_word' id='word_1_188' title='bbox 359 3078 451 3135; x_wconf 90' lang='lat' dir='ltr'><strong>neque</strong></span> <span class='ocrx_word' id='word_1_189' title='bbox 471 3060 575 3133; x_wconf 86' lang='lat' dir='ltr'><strong>adhuc,</strong></span> <span class='ocrx_word' id='word_1_190' title='bbox 590 3078 675 3134; x_wconf 89' lang='lat' dir='ltr'><strong>quam</strong></span> <span class='ocrx_word' id='word_1_191' title='bbox 695 3076 846 3135; x_wconf 87' lang='lat' dir='ltr'><strong>personam</strong></span> <span class='ocrx_word' id='word_1_192' title='bbox 865 3068 943 3117; x_wconf 86' lang='lat' dir='ltr'><strong>tene·</strong></span> 
     </span>
    </p>
   </div>
   <div class='ocr_carea' id='block_1_4' title="bbox 0 0 1107 3575">
    <p class='ocr_par' dir='ltr' id='par_1_9' title="bbox 0 0 1107 3575">
     <span class='ocr_line' id='line_1_30' title="bbox 0 0 1107 3575; baseline 0 0"><span class='ocrx_word' id='word_1_193' title='bbox 0 0 1107 3575; x_wconf 95' lang='lat' dir='ltr'><strong> </strong></span> 
     </span>
    </p>
   </div>
  </div>
 </body>
</html>
