2184 3575
136 292 172 351 14
454 302 496 349 nn
518 302 682 350 cainone
881 302 964 362 [nn.

177 449 299 522 Antoni,
321 450 376 509 ista
398 468 622 509 commemoras:
650 469 717 507 nam
739 467 795 527 ego
817 448 888 507 nibil
911 468 966 508 nn·

177 564 262 622 quam
295 541 364 618 vidi,
392 547 467 621 quod
498 557 556 605 tam
583 566 601 605 e
627 547 759 604 manibus
792 546 965 617 elaberetur,

177 662 263 719 quarn
289 642 360 700 mihi
387 652 447 699 tum
474 652 519 700 est
544 644 641 718 elapsa
667 643 716 700 ille
742 662 841 700 causa.
886 643 964 701 com

177 741 254 797 enim
275 738 526 817 (quemadmodum
547 739 657 818 dixisti)
679 740 731 798 tibi
744 759 800 817 ego
813 758 872 797 non
888 740 964 816 jndi-

147 837 265 905 ccium,
286 835 336 892 sed
357 835 534 907 incendium,
556 835 754 906 tradidissem
781 836 857 911 quod
881 846 963 894 tuum

178 931 359 1008 principium,
387 931 437 989 Dii
464 931 648 1004 immortales,
676 933 745 990 fuit!
779 933 829 1009 qai
859 933 964 990 timori

178 1047 240 1103 qum
254 1027 410 1086 dubitatio!
433 1038 539 1102 quanta
559 1028 709 1099 haesitatio,
723 1038 887 1104 tractusque
902 1047 964 1085 ver-

177 1125 293 1181 borum!
348 1123 387 1182 Ut
414 1124 484 1182 illud
512 1124 603 1196 initio,
627 1126 703 1200 quod
730 1124 783 1184 tibi
809 1144 899 1181 unum
926 1124 963 1182 ad

178 1221 386 1298 ignoscendum
406 1221 538 1279 homines
565 1221 680 1292 dabant,
700 1221 834 1292 tenuisti,
861 1233 891 1278 te
909 1240 964 1297 pro

132 1328 163 1378 10
178 1316 292 1375 homine
324 1318 549 1393 pernecessario,
582 1328 721 1392 quaestore
754 1327 814 1389 tuo,
846 1318 964 1389 dicere;

178 1432 263 1489 quam
290 1414 342 1471 tibi
368 1415 491 1490 primum
524 1414 643 1471 munisti
670 1414 705 1471 ad
733 1423 761 1471 te
789 1414 962 1472 audiendum

177 1508 269 1567 viam!
323 1509 404 1567 Ecce
431 1520 538 1581 autem,
560 1528 627 1566 cunr
652 1520 681 1565 te
708 1509 778 1567 nihil
803 1510 879 1566 aliud
900 1529 964 1585 pro·

178 1604 282 1661 secisse
308 1606 469 1675 arbitrarer,
489 1604 545 1661 nisi
571 1614 604 1661 nt
629 1604 761 1662 homines
787 1606 849 1677 tibi,
870 1606 962 1665 civem

178 1699 339 1775 improbum
357 1700 534 1772 defendenti,
551 1700 759 1777 ignoscendum
778 1713 893 1778 propter
912 1721 963 1760 ne·

132 1808 164 1858 15
178 1797 382 1855 cessitndinem
404 1798 625 1868 arbitrarentur;
645 1817 758 1874 serpere
776 1800 890 1857 occulte
907 1818 964 1857 can·

176 1893 255 1969 pisti,
271 1893 412 1951 nihildum
434 1893 497 1952 aliis
517 1895 738 1970 suspicantibus,
753 1915 799 1954 me
818 1914 886 1952 vero
903 1895 963 1971 jam

178 1989 407 2065 pertimescente,
422 2000 453 2047 ut
468 1990 555 2061 illam,
567 2009 624 2048 non
638 1991 768 2050 Norbani
782 1991 960 2062 seditionem,

179 2087 229 2144 sed
262 2086 359 2162 populi
393 2086 521 2144 Romani
555 2086 742 2160 iracundiam,
773 2106 867 2162 neque
898 2105 961 2145 eam

179 2182 322 2259 injustam,
337 2182 388 2240 sed
407 2182 537 2241 meritam
560 2202 594 2241 ac
614 2183 750 2255 debitam,
765 2184 853 2242 fuisse
866 2183 964 2242 desen·

132 2288 164 2340 2⁰
179 2279 268 2336 deres.
315 2279 429 2338 Deinde
451 2279 499 2355 qui
523 2279 606 2337 locus
633 2281 683 2337 abs
706 2290 735 2338 te
757 2281 964 2356 praetermissus

179 2385 222 2432 est
235 2375 264 2431 in
279 2375 465 2450 Caepionemt
486 2388 518 2433 ut
531 2389 562 2433 tu
576 2377 624 2434 illa
644 2378 741 2433 omnia
752 2377 829 2447 odio,
843 2377 961 2449 invidit,

178 2470 376 2528 misericordia
402 2471 559 2530 miscuisti!
613 2471 716 2546 Neque
737 2470 798 2528 haec
819 2473 910 2530 solnm
931 2473 961 2531 in

177 2566 355 2638 defensione,
370 2567 419 2624 sed
434 2568 520 2625 etiam
534 2568 565 2626 in
579 2569 700 2638 Scauro,
715 2567 872 2644 ceterisque
890 2569 964 2626 meis

178 2663 308 2734 testibus,
323 2681 443 2738 qnorum
464 2664 637 2734 testimonia,
651 2681 710 2720 non
730 2663 896 2736 refellendo,
910 2665 961 2722 sed

133 2769 165 2820 26
180 2759 215 2820 nd
234 2759 357 2820 eundem
378 2760 514 2836 impetum
541 2760 639 2836 populi
662 2760 866 2836 confugiendo,
887 2761 964 2817 refu·

179 2855 254 2914 ttsri.
294 2855 370 2918 Quae
391 2874 457 2916 cum
479 2856 529 2913 abs
549 2865 578 2912 te
597 2855 684 2913 modo
705 2873 963 2914 commemoraren-

179 2960 235 3024 tur,
250 2951 380 3026 equidem
395 2951 474 3009 nulla
485 2963 629 3028 praecepta
644 2951 856 3010 desiderabam:
877 2951 960 3010 istam

179 3045 257 3110 onitu
277 3046 367 3126 ipsunt
386 3045 659 3118 demonstrationem
674 3046 881 3106 'defensionum
902 3058 961 3106 tua·
