2184 3575
124 370 206 431 nn]
407 370 454 417 nu
474 370 635 417 omnonn
916 360 957 419 to

125 514 280 577 audierir.”
322 517 389 576 Hoc
402 518 443 576 ita
455 528 558 594 preter
573 518 816 593 exspectationem
836 517 900 575 ecci

126 612 179 685 dit,
194 624 226 671 ut
238 624 337 671 testem
353 615 482 671 omnium
494 614 569 671 risus
582 615 725 671 obrueret.

168 710 260 786 Hujus
280 710 394 787 generis
407 721 451 767 est
466 710 568 785 plenus
587 710 617 768 N
619 711 716 782 aevius,
730 719 760 767 et
770 710 855 786 jocus
867 719 912 767 est

129 805 285 878 familiaris,
311 814 330 839 ‘⁸
341 806 474 881 Sapiens,
501 806 526 864 si
560 805 679 883 algebis,
705 808 852 864 tremes:'’
880 816 911 864 et

127 902 184 960 ulia
195 904 345 978 permulta.
924 911 941 960 5

149 1094 277 1153 'LXXL
309 1096 391 1171 Saepe
411 1095 497 1154 etiarn
519 1096 611 1153 facete
622 1095 770 1152 concedas
783 1095 912 1153 adversa·

124 1192 171 1247 rio
198 1192 227 1248 id
255 1192 357 1267 ipsum,
384 1191 460 1265 quod
487 1192 539 1249 tibi
566 1191 615 1248 ille
640 1192 780 1261 detrabit3
817 1203 849 1249 ut
875 1192 910 1250 0.

127 1286 245 1357 Laelius,
273 1304 338 1342 cum
373 1287 400 1343 ei
433 1287 548 1360 quidem
581 1287 657 1344 malo
689 1305 795 1363 genere
827 1298 912 1345 natus

127 1382 248 1453 diceret,
276 1382 426 1457 indignum
453 1400 515 1437 esse
549 1381 608 1437 suis
641 1382 805 1456 majoribus,
832 1383 911 1455 “At,

129 1477 276 1549 hercule,''
292 1477 393 1552 inquit,
409 1484 468 1534 “tu
481 1477 539 1533 tuis
553 1476 685 1553 dignus.''
727 1478 810 1552 Saepe
826 1478 912 1535 etiam
927 1488 957 1537 10

127 1572 310 1629 sententiose
330 1572 453 1629 ridicule
480 1572 630 1642 dicuntur;
661 1583 693 1629 ut
717 1572 758 1630 Μ.
781 1572 912 1645 Cincius,

127 1687 186 1743 quo
206 1669 252 1725 die
272 1669 364 1745 legem
380 1668 416 1726 de
431 1669 513 1726 donis
528 1678 557 1725 et
570 1669 735 1727 muneribus
754 1669 829 1739 tulit,
844 1688 912 1727 cum

127 1764 162 1823 Ο.
175 1764 267 1824 Cento
279 1765 438 1842 prodiisset,
450 1774 479 1822 et
489 1765 559 1823 setis
573 1766 790 1837 contumeliose,
801 1771 820 1800 ‘⁴
829 1765 911 1829 Quid

128 1861 194 1932 fers,
216 1862 391 1920 Oinciolel’¹
413 1861 576 1935 quesisset;
598 1863 664 1920 “Ut
684 1864 791 1935 emas,''
808 1862 909 1938 inquit,

128 1961 148 1989 “
158 1957 221 2028 Cei,
236 1957 260 2014 si
274 1958 315 2015 uti
330 1958 426 2015 velis.''
926 1966 957 2015 15

168 2053 251 2127 Smpe
283 2052 369 2110 etium
403 2053 485 2124 salse,
513 2072 576 2128 quae
602 2053 664 2110 fieri
692 2071 751 2112 non
783 2064 911 2129 possunt,

128 2156 279 2222 optantur;
299 2157 331 2204 ut
345 2147 385 2206 M.
401 2149 537 2223 Lepidus,
548 2169 625 2219 cum,
639 2150 743 2206 ceteris
756 2149 786 2205 in
801 2149 913 2224 Campo

129 2241 339 2313 eminentibus,
361 2243 390 2298 in
412 2243 499 2301 heros
522 2243 581 2319 ipse
610 2245 797 2314 recubuisset,
817 2244 912 2303 “Vel-

129 2338 185 2395 lem
205 2338 260 2394 boc
281 2339 383 2409 esset,’'
399 2338 500 2413 inquit,
515 2339 700 2397 “laborare''
742 2340 854 2397 Salsum
869 2349 912 2398 est

128 2432 226 2505 etiem,
241 2433 432 2508 querentibus
446 2443 474 2491 et
488 2433 568 2507 quasi
581 2435 815 2508 percontantibus
833 2436 911 2494 lente
924 2445 956 2497 ω

129 2529 313 2606 respondere,
335 2528 411 2603 quod
435 2528 560 2597 nollent;
588 2539 620 2585 ut
645 2547 748 2587 censor
773 2530 910 2607 Lepidus,

129 2643 196 2684 cum
223 2623 265 2682 M.
292 2623 419 2682 Antistio
443 2623 581 2700 Pyrgensi
613 2643 717 2699 equum
750 2627 911 2696 ademisset,

131 2721 272 2795 amicique
292 2738 358 2778 cum
372 2720 604 2793 vociferarentur,
618 2731 648 2778 et
661 2732 828 2797 quererent,
842 2723 911 2798 quid

130 2817 179 2875 ille
198 2816 272 2894 patri
295 2835 347 2874 suo
373 2817 567 2892 responderet,
588 2835 640 2874 our
668 2817 830 2893 ademptum
856 2819 911 2876 sibi

130 2929 235 2987 equum
255 2911 373 2983 diceret,
394 2931 460 2970 cum
481 2912 605 2986 optimus
631 2912 761 2984 colonus,
779 2913 911 2989 parcissi·
923 2923 955 2974 2⁵

131 3025 205 3078 mus,
225 3007 459 3079 modestissimus,
480 3006 687 3084 frugalissimus
712 3019 803 3082 esset3
831 3009 911 3068 “Me

131 3104 278 3174 istorum‚'’
294 3103 395 3179 inquit,
409 3109 428 3137 ‘⁶
438 3103 509 3161 nibil
522 3104 669 3163 cnedere.'’

210 3215 275 3256 von.
289 3215 321 3255 11.
438 3199 458 3254 5
