2184 3575
111 355 191 417 nu]
394 355 437 403 nu
460 354 625 405 carrona
907 343 942 401 ll

109 504 189 561 cium
209 500 348 562 vocabas:
376 503 481 561 deinde
503 502 664 579 principem
684 512 714 559 et
733 500 849 561 mustus
867 510 898 559 et

110 599 243 672 civitatis,
265 599 306 657 M.
335 600 496 671 AEmilium,
517 600 613 675 lapide
638 617 807 675 percussum
833 617 897 657 esse

111 697 276 754 constabat:
304 698 332 753 ri
351 696 465 772 pulsum
485 715 521 753 ex
541 695 646 771 templo
666 695 701 753 L.
722 695 846 766 Cottam,
867 705 897 753 et

111 790 149 848 T.
169 790 298 864 Didium,
320 811 384 851 cum
406 791 585 850 intercedere
613 791 716 849 vellent
742 791 885 869 rogationi

108 904 194 945 nemo
205 898 319 965 poterat
332 907 446 967 negare.
910 893 930 942 ὅ

145 1078 288 1139 XLVIII.
320 1080 500 1153 Accedebat,
523 1090 557 1139 ut
580 1080 644 1139 haec
669 1091 700 1139 tu
729 1082 895 1139 adolescens

105 1195 157 1253 pro
170 1177 318 1253 republicd
332 1178 412 1252 queri
427 1178 538 1235 summi
552 1196 619 1235 cum
640 1177 780 1255 dignitate
799 1178 895 1237 eristi·

106 1290 234 1341 marere;
256 1290 321 1348 ego,
338 1272 425 1331 homo
445 1273 605 1344 censorius,
619 1273 666 1331 rix
685 1273 754 1331 satis
774 1274 894 1331 honeste

105 1368 218 1424 viderer
232 1368 400 1425 sediu‘osum
421 1368 522 1439 civem,
537 1369 611 1425 etin
625 1369 749 1425 hominis
765 1370 894 1427 consula·

105 1463 146 1520 ris
159 1462 323 1521 calamitate
337 1464 493 1535 crudelem,
504 1476 588 1539 posse
599 1464 761 1522 defendere.
802 1465 893 1523 Erant
910 1467 942 1515 1⁰

104 1558 205 1635 optimi
226 1558 303 1617 cives
324 1559 446 1635 judices,
468 1560 608 1617 bonorum
630 1559 754 1617 virorum
774 1560 891 1635 plenum

104 1654 208 1727 forum,
223 1655 270 1712 vix
284 1665 315 1713 ut
328 1644 399 1713 milri
419 1655 513 1713 tenuis
533 1656 662 1730 quadarn
677 1656 761 1713 venia
777 1657 891 1714 daretur

104 1751 308 1824 excusationis,
328 1752 406 1828 quod
426 1762 522 1810 tamen
543 1772 608 1810 eum
630 1752 823 1825 defenderem,
842 1752 891 1829 qui

103 1848 173 1906 mihi
193 1859 316 1925 quaestor
337 1850 445 1907 fuisset.
487 1848 548 1906 Hic
568 1869 624 1926 ego
643 1849 712 1925 quid
732 1850 827 1907 dicam
843 1868 890 1906 me

103 1954 192 2002 artem
214 1945 337 2020 aliquam
360 1946 543 2004 adhibuisset
564 1946 632 2022 quid
653 1946 780 2017 fecerim,
794 1965 891 2004 narra·
906 1951 937 1998 15

102 2040 157 2098 bo:
178 2041 202 2098 si
221 2041 373 2116 placuerit,
390 2061 440 2100 vos
460 2061 553 2098 meam
574 2042 769 2101 defensionem
790 2041 820 2100 in
841 2042 891 2099 ali·

101 2154 159 2211 quo
180 2136 249 2194 artis
269 2136 335 2194 loco
355 2137 506 2212 reponetis.
555 2136 694 2194 Omnium
714 2137 890 2194 seditionum

101 2231 317 2308 generantia,
344 2232 472 2307 pericula
498 2233 613 2307 collegi,
641 2251 762 2307 eamque
787 2233 891 2290 oratio-

100 2345 169 2385 nem
183 2347 218 2386 ex
232 2327 312 2384 omni
326 2329 490 2403 reipublrcae
505 2339 607 2385 nostrae
628 2338 787 2404 temporum
802 2330 890 2387 varie·

100 2433 160 2482 tate
186 2423 306 2500 repetivi
345 2424 531 2498 conclusique
556 2425 604 2495 ita,
626 2436 657 2483 ut
677 2424 812 2498 dicerem,
833 2427 887 2485 etsi
903 2435 935 2484 2⁰

100 2539 201 2580 omues
215 2522 342 2580 moleste
356 2540 468 2597 semper
482 2521 637 2580 seditiones
656 2522 784 2595 fuissent,
796 2523 887 2599 justas

100 2626 197 2676 tamen
224 2617 311 2676 fuisse
337 2617 500 2689 nonnullas,
528 2626 558 2675 et
583 2636 670 2693 prope
700 2620 886 2680 necessarias.

99 2712 179 2772 Turn
202 2713 261 2786 illa,
282 2733 345 2790 quae
372 2715 457 2772 modo
484 2715 606 2772 Crassus
633 2717 886 2786 commemorabat,

100 2809 164 2885 egi;
191 2828 285 2885 neque
311 2828 394 2886 reges
414 2829 449 2867 ex
470 2810 524 2868 hac
549 2808 664 2868 civitate
684 2809 771 2886 exigI,
792 2829 886 2886 neque

99 2905 231 2964 tribunos
252 2906 344 2982 plebis
373 2906 474 2978 creari,
495 2925 588 2982 neque
615 2905 774 2982 plebiscitis
801 2908 887 2966 toties
901 2915 933 2964 25

99 3003 280 3062 consularem
299 3013 471 3079 potestatem
491 3002 593 3074 minui,
607 3021 700 3077 neque
712 3003 887 3080 provocatis

99 3117 177 3173 nem,
191 3110 340 3177 patronam
361 3099 438 3158 illam
459 3098 584 3158 civitatis
598 3117 632 3158 ac
646 3099 789 3160 vindIcem
802 3099 887 3160 libor·
