2184 3575
136 344 217 403 un]
418 344 461 390 nn
483 341 646 389 ORATORE.
931 328 968 385 17

134 492 327 565 inferioribus,
342 510 408 551 oum
423 512 454 549 se
466 492 583 550 relictos
596 489 733 561 sentiunt,
748 489 812 546 illos
826 495 921 546 autem

138 589 236 645 dolent
255 590 398 646 evolasse:
423 590 471 646 sed
493 589 580 646 etiam
601 586 796 663 superioribus
815 584 922 643 invide·

138 694 184 741 tur
204 703 277 760 saepe
297 686 533 756 vehementer,·et
552 702 589 742 eo
608 684 709 760 magis,
724 682 749 739 si
770 682 922 739 intoleran-

138 781 194 837 tius
208 800 237 838 se
249 782 368 857 jactant,
383 791 412 839 et
425 780 644 856 aequabitiutem
660 779 743 855 juris,
757 778 921 854 praestantii

136 877 284 953 dignitatis
312 888 360 935 aut
386 879 505 937 fortuna
531 896 600 948 sum,
622 885 786 933 transeunt:
814 874 953 950 quaesit

136 972 338 1031 inflammanda
358 984 433 1046 sunt,
455 974 579 1031 maxime
604 972 760 1030 dioendum
787 981 840 1043 est,
861 989 920 1029 non

135 1088 198 1126 esse
226 1070 328 1127 virtute
354 1081 449 1146 parta;
485 1070 589 1127 deinde
619 1071 705 1128 etiam
732 1069 809 1126 vitiis
835 1079 920 1143 atque

134 1166 279 1241 peccatis:
300 1176 370 1239 tum,
385 1168 409 1224 si
423 1176 506 1225 erunt
526 1166 691 1224 honestiora
711 1175 796 1241 atque
812 1164 922 1242 gravio·

135 1280 177 1331 ra,
201 1272 297 1319 tamen
323 1282 381 1320 non
408 1282 470 1321 esse
496 1274 578 1320 tanta
600 1263 658 1320 ulla
679 1264 791 1333 merita,
814 1271 922 1336 quanta

136 1357 289 1415 insolentia
309 1358 442 1431 hominis,
463 1370 658 1433 quantumque
677 1358 830 1417 fastidium.
872 1358 919 1415 Ad
937 1366 968 1415 10

135 1455 293 1512 sedandum
321 1467 425 1527 autem,
453 1456 559 1532 magno
592 1456 641 1512 illa
672 1455 780 1526 labore,
808 1454 920 1530 magnis

134 1552 279 1626 perieulis,
296 1568 357 1609 esse
370 1563 467 1628 parta;
489 1570 545 1609 neo
566 1552 602 1609 ad
622 1570 705 1609 suam
725 1550 919 1621 commodum,

134 1648 184 1704 sed
207 1648 242 1705 ad
263 1649 392 1721 aliorum,
414 1668 476 1705 esse
497 1648 615 1717 oollata3
640 1665 768 1723 seseque,
789 1648 813 1704 si
834 1664 918 1721 quam

134 1744 254 1820 gloriam
272 1746 415 1822 peperisse
429 1746 568 1816 videatur,
582 1744 637 1802 etsi
651 1764 686 1802 ea
698 1762 757 1802 non
771 1744 808 1802 sit
822 1743 920 1819 iniqua

134 1859 244 1898 merces
263 1843 394 1918 periculi,
408 1853 504 1900 tamen
524 1843 560 1899 eal
581 1861 638 1900 non
659 1841 806 1912 delectari,
821 1850 921 1899 totam·
936 1847 967 1897 15

134 1955 189 2011 que
217 1938 339 2014 abjicere
367 1949 451 2014 atque
475 1939 635 2014 deponere:
663 1937 839 2012 omninoque
859 1954 921 2013 per·

133 2031 288 2089 ficiendum
315 2043 367 2104 est,
396 2033 543 2109 (quoniam
571 2033 699 2109 plerique
725 2042 793 2090 sunt
819 2033 919 2103 invidi,

133 2128 312 2202 maximeque
336 2139 381 2185 est
408 2131 464 2185 hoo
491 2147 645 2186 commune
670 2128 781 2200 vitium,
805 2137 835 2184 et
857 2145 920 2202 per·

133 2232 283 2298 vagatum3
307 2220 462 2299 [invidetur
477 2233 571 2281 autem
584 2223 730 2298 prestanti
748 2222 919 2297 florentique

133 2317 284 2399 sortunae])
301 2329 332 2376 ut
345 2318 407 2375 lraeo
426 2318 524 2395 opinio
544 2319 699 2390 minuatur,
714 2328 743 2376 et
757 2319 807 2376 illa
826 2319 918 2376 exoel·
934 2327 966 2380 20

132 2415 195 2472 lens
215 2415 350 2490 opinione
371 2414 486 2473 fortuna
506 2433 572 2472 oum
593 2415 737 2472 laboribus
752 2425 781 2472 et
795 2415 917 2473 miseriis

131 2512 271 2587 permixte
290 2530 352 2568 asse
373 2511 509 2568 videatur.
555 2509 620 2568 Jam
641 2511 839 2569 misericordia
858 2529 917 2568 mo·

131 2618 221 2680 vetur,
236 2608 260 2668 si
274 2608 308 2679 is,
323 2607 372 2682 qui
393 2608 481 2679 audit,
498 2607 602 2665 adduci
622 2619 723 2683 potest,
738 2619 769 2665 ut
783 2607 839 2680 illa,
853 2627 917 2684 quae

129 2703 168 2760 de
189 2704 277 2761 altero
297 2704 490 2780 deplorentur,
506 2704 541 2762 ad
556 2723 622 2762 suas
641 2723 687 2762 res
706 2713 831 2776 revocet,
846 2723 917 2779 quas

130 2810 180 2858 aut
206 2801 303 2858 tulerit
331 2803 456 2872 acerbas,
484 2811 533 2859 aut
566 2801 681 2872 timeat3
716 2810 773 2872 aut,
802 2800 917 2858 intuens
931 2811 963 2864 π

131 2895 227 2969 alium,
249 2897 352 2956 orabro
373 2898 407 2956 ad
429 2898 554 2974 seipsum
574 2909 739 2957 revertatur.
780 2896 834 2969 Ita,
848 2915 916 2956 oum

129 2992 235 3069 singuli
261 3011 345 3051 oasus
372 2993 560 3052 humanarum
588 2994 766 3052 miseriarum
792 2993 916 3070 graviter

129 3087 319 3166 aooipiuntur,
334 3090 358 3148 si
373 3090 508 3150 dicuntur
528 3089 668 3164 dolenter,
682 3100 743 3150 tum
764 3088 870 3147 afflicta
884 3097 915 3147 et

364 3183 411 3246 2*
