2184 3575
131 325 193 384 [152
452 333 495 380 uu
519 329 680 378 ossuum.
860 325 963 387 [uus

181 491 427 558 aut¹quocumque
446 481 542 553 modu,
556 494 615 538 nou
634 489 667 537 ut
686 478 799 535 dictum
815 485 867 547 est,
881 454 912 532 iu
925 495 964 534 eo

179 595 284 658 genere
296 579 473 656 intelligitus,
484 579 538 635 sed
553 589 585 634 ut
597 596 711 634 sensum
726 585 776 632 est.

216 767 327 832 XLIII.
359 773 513 831 Abutimur
527 779 606 847 'saepe
626 771 711 827 etiem
729 771 816 826 verbo
829 786 887 825 non
901 777 964 824 tum

175 871 333 947 eleganter,
360 889 445 946 quem
473 869 502 926 in
530 868 741 936 transferend03
770 866 820 922 sed
846 864 962 922 etiamsi

142 966 322 1037 ulicentius,
343 976 438 1024 tames
456 965 600 1022 interdum
624 983 681 1020 non
705 962 900 1038 impudenter:
928 972 964 1017 ut

177 1081 246 1120 cum
269 1062 407 1136 grandem
433 1063 584 1119 oraticnem
610 1077 662 1135 pro
688 1062 802 1138 magni,
826 1058 963 1114 minutum

177 1159 299 1216 ‘animum
311 1177 363 1235 pro
376 1177 473 1235 purvo,
488 1158 617 1217 dicimus.
659 1158 767 1216 Verum
786 1157 835 1214 illa
847 1155 963 1214 videtis-

178 1273 292 1312 ueesse
305 1273 363 1312 uon
378 1255 464 1327 verbi,
480 1255 529 1312 sed
548 1255 694 1326 orationis,
709 1274 770 1331 quae
784 1273 820 1311 ex
832 1253 963 1329 pluribus

178 1350 226 1430 (ut
239 1337 372 1431 exposui)
380 1351 611 1410 translationibus
625 1351 755 1408 'connexa
768 1353 853 1409 sunti
887 1352 963 1409 Haec

133 1457 165 1508 10
181 1457 284 1520 sutem,
304 1435 367 1522 quae
389 1459 436 1504 aut
456 1449 605 1509 immutata
630 1465 693 1504 esse
719 1446 787 1518 dixi,
809 1457 857 1504 sut
880 1447 963 1531 alites

181 1542 374 1620 intelligenda,
397 1563 430 1600 ac
450 1544 622 1615 dicerentur,
643 1552 710 1600 sunt
735 1543 871 1599 translata
893 1557 964 1616 quo·

180 1625 245 1696 dein
266 1640 358 1696 modo.
399 1637 449 1696 Itu·
463 1640 503 1709 fit,
518 1650 550 1696 ut
563 1640 656 1695 omnis
673 1639 850 1714 singulorum
863 1639 964 1694 verbum

181 1751 243 1791 uum
260 1733 351 1791 uirtus
372 1744 455 1809 atque
478 1735 540 1794 leus
566 1735 656 1792 tribus
682 1736 783 1793 existat
803 1753 840 1793 ex
858 1735 961 1793 rebus:

181 1829 206 1886 si
221 1840 268 1887 aut
281 1839 421 1887 vetustum
441 1833 557 1889 verbum
578 1832 623 1903 sit‚‘
638 1831 713 1904 quod
734 1841 828 1889 tamen
843 1850 964 1889 consue·

133 1940 165 1991 15
180 1925 343 1982 tudo'ferre
363 1914 467 2001 pussit3
490 1938 538 1985 aut
558 1926 664 1987 factum
682 1928 725 1985 vel
746 1930 961 2006 conjunctione,
1020 1980 1024 1987 .

181 2021 223 2079 vel
236 2021 372 2093 novitate,
387 2022 417 2080 iu
430 2042 486 2098 quo
500 2022 569 2080 item
589 2034 633 2080 est
651 2024 767 2081 auribus
780 2025 962 2082 consuetudi-

181 2118 267 2195 nique
290 2117 475 2195 [parcendum
485 2121 506 2199 ;]
530 2129 578 2176 aut
595 2120 771 2192 translatum,
786 2120 860 2194 quod
875 2120 963 2177 maxi·

181 2234 236 2286 ne,
249 2228 385 2295 tanquam
404 2214 492 2271 stellis
512 2214 691 2289 quibusdem,
711 2224 792 2271 notat
811 2225 840 2271 et
860 2214 965 2271 illumi·

179 2322 229 2370 nat
242 2310 407 2370 orationem.

134 2421 166 2472 a)
217 2407 354 2481 Sequitur
375 2407 552 2466 continuatio
571 2410 730 2481 verborum,
744 2428 807 2485 quse
828 2407 899 2466 duas
916 2426 962 2465 res

181 2503 312 2574 maxime,
330 2503 549 2561 collocationem
568 2504 701 2580 primum,
722 2504 825 2562 deinde
846 2504 963 2561 modum

182 2597 324 2672 quendam
353 2598 536 2674 formamque,
564 2599 714 2672 desiderat.
755 2600 963 2658 Collocatiouis

181 2702 224 2750 cst
238 2712 407 2769 componere
420 2705 448 2751 et
462 2704 570 2752 struere
584 2695 669 2752 verba
682 2694 734 2767 sic,
749 2707 781 2754 ut
793 2693 864 2753 ueve
881 2716 963 2771 asper

183 2806 281 2846 eorum
302 2807 458 2849 concursus
478 2808 550 2847 neve
570 2790 685 2852 hiulcus
702 2792 749 2862 sit,
762 2792 813 2848 sed
827 2793 962 2867 quodam-

135 2904 167 2954 25
181 2883 267 2942 modo
281 2872 494 2961 coagmentaius
514 2894 542 2941 et
562 2886 647 2944 laevis.
682 2887 723 2945 ‘Iu
744 2906 799 2962 quo
819 2888 912 2965 lepide
931 2889 961 2946 in

181 2978 275 3040 soceri
290 2978 346 3035 mei
366 2979 487 3054 persona
507 2978 576 3037 lusit
592 2979 626 3054 is,
641 2982 689 3059 qui
709 2982 919 3060 elegantissime
932 2984 963 3041 id

182 3077 277 3136 fucere
289 3072 391 3152 potuit,
406 3072 544 3149 Lucilius,
