2184 3575
115 345 198 407 un]
398 349 441 396 ue
462 348 625 396 onnuonn
903 332 941 395 01

117 493 247 568 missum,
260 513 319 554 non
338 513 430 554 essem
450 505 508 554 tam
527 495 695 567 inurbanus,
709 512 744 552 ac
756 511 837 570 pene
855 493 899 552 in·

118 590 269 664 humanus,
296 591 337 649 uti
370 607 406 650 ec
438 609 581 668 gravarer,
606 591 683 666 quod
711 608 762 647 vos
778 607 899 648 currere

119 687 263 745 sentirem.
608 732 614 760 ,

159 782 236 840 Tum
263 783 418 859 Sulpicius,
439 783 487 840 An
510 800 590 860 ergo,
611 782 712 857 iuquit,
733 781 838 839 oblitus
857 799 898 852 es,

119 877 234 950 Crasse,
255 879 413 944 Antonium
437 879 477 937 ita
498 879 632 954 partitum
655 897 718 942 esse
740 889 846 948 tecum,
867 884 929 934 ut5

119 973 186 1049 ipse
200 973 418 1032 instrumentum
438 974 559 1032 oratoris
585 984 748 1049 exponeret,
766 973 819 1030 tibi
837 973 899 1048 ejus

120 1069 334 1127 distinctionem
355 1079 437 1144 atque
457 1079 589 1127 ornatum
608 1069 799 1143 relinqueretl
838 1067 899 1126 Hic

120 1164 178 1235 ille,
193 1164 329 1236 Primum,
343 1165 406 1240 quis
419 1165 547 1222 Antonio
560 1164 696 1240 permisit,
711 1164 812 1239 inquit,
826 1174 900 1221 utet

119 1269 214 1336 partes
235 1259 350 1331 laceret,
365 1269 403 1330 et,
418 1269 509 1317 utram
529 1259 623 1330 vellet,
636 1260 712 1334 prior
732 1259 792 1334 ipse
807 1277 900 1316 sume·

121 1355 184 1412 retl
223 1353 346 1426 Deinde,
368 1354 392 1411 si
412 1373 465 1432 ego
484 1363 562 1412 recte
583 1353 718 1424 intellexi,
733 1371 799 1410 curu
819 1353 900 1410 valde
914 1361 945 1410 lt)
975 1427 977 1431 Ι

120 1450 242 1508 libenter
270 1450 407 1522 audirem,
427 1449 497 1507 mihi
524 1449 678 1525 conjuncte
699 1458 742 1505 est
762 1449 838 1506 risus
863 1447 900 1504 de

121 1545 242 1619 utrique
255 1564 286 1602 re
299 1545 404 1602 dicere.
444 1545 496 1602 Ille
511 1563 587 1617 vero,
602 1544 693 1619 iuquit
710 1543 806 1614 Cotta,
820 1561 901 1600 orna·

121 1651 219 1699 menta
231 1641 368 1699 orationis
389 1661 445 1700 non
467 1640 568 1718 attigit,
582 1659 673 1716 neque
693 1658 756 1698 eam
775 1639 899 1712 laudem,

122 1755 159 1795 ex
171 1737 225 1814 qui
239 1737 402 1813 eloquentia
415 1756 519 1796 nomen
539 1736 631 1813 ipsum
649 1737 763 1795 invenit.
804 1737 902 1795 Verba

122 1833 218 1911 igitur,
239 1834 331 1909 inquit
357 1834 488 1909 Crassus,
508 1834 579 1892 mihi
605 1834 719 1909 reliquit
745 1834 900 1907 Antonius,
914 1843 946 1893 1⁵

123 1947 183 1987 rem
198 1930 257 2006 ipse
270 1930 378 1990 sumsit.

82 2074 89 2090 ,
161 2024 240 2083 Tum
266 2025 372 2097 Cesar,
393 2026 435 2097 Si,
456 2026 531 2100 quod
557 2025 700 2083 difficilius
726 2033 778 2093 est,
799 2024 829 2082 id
848 2024 902 2081 tibi

122 2120 247 2195 reliquit,
268 2130 311 2177 est
332 2121 424 2191 nobis,
445 2120 663 2196 inquit'g‘cuusa,
684 2131 783 2178 curte
804 2120 902 2177 eudire

124 2215 288 2290 cupiamus3
310 2214 364 2286 sin,
379 2216 454 2289 quod
476 2216 597 2285 facilius,
610 2216 662 2272 tibi
677 2234 764 2273 causa
776 2233 834 2271 non
848 2224 901 2286 est,

125 2328 177 2367 cur
196 2326 319 2366 recuses.
372 2308 410 2365 Et
430 2309 558 2380 Catulus,
576 2309 677 2371 Quidl
700 2311 776 2386 quod
796 2309 901 2381 dixisti,
916 2320 948 2369 2⁰

125 2404 227 2478 inquit,
242 2402 354 2474 Crasse,
369 2403 393 2460 si
407 2402 454 2460 hic
468 2403 554 2460 hodie
575 2405 647 2478 apud
667 2414 696 2460 te
714 2422 901 2477 maneremus,

124 2510 153 2559 te
168 2516 274 2557 rnorem
294 2498 377 2556 nobis
397 2516 459 2556 esse
476 2509 631 2575 gesturum,
645 2500 754 2557 nihilne
769 2500 803 2557 ad
817 2499 901 2557 fidem

111 2606 202 2677 ‘tuam
235 2605 318 2671 putes
349 2594 510 2670 pertinerel
568 2594 645 2653 Tum
679 2596 764 2653 Cotta
795 2596 901 2667 ridens,

89 2736 98 2759 ,
125 2692 242 2751 Possem
275 2690 337 2761 tibi,
365 2690 465 2765 inquit,
499 2691 612 2761 Crasse,
643 2690 818 2749 concedere:
852 2691 902 2749 sed

96 2784 109 2845 l
125 2788 199 2859 ride,
219 2804 256 2843 ne
276 2786 344 2860 quid
365 2784 484 2843 Catulus
505 2786 630 2844 attulerit
649 2786 811 2863 religionis:
832 2804 904 2862 opus
917 2805 950 2855 25

127 2881 189 2939 hoc-
201 2881 369 2939 censorium*
382 2891 441 2939 est:
468 2881 497 2938 id
518 2893 612 2940 autem
632 2882 819 2953 committere,
839 2882 905 2941 vide

127 2976 268 3052 quamsit
287 2976 396 3035 homini
422 2986 505 3051 turpe
530 2978 669 3036 censorio.
720 2978 807 3055 Agite
827 2998 903 3052 vero,

127 3071 176 3131 ille
190 3070 291 3147 iuquit,
303 3083 335 3131 ut
348 3070 447 3129 vultis:
468 3072 518 3130 sad
533 3090 612 3131 nunc
630 3072 755 3149 quidem,
768 3073 904 3149 quonium
