2184 3575
136 331 178 395 8⁰
456 343 500 394 on
520 343 682 396 onsronn
881 343 961 408 [ara

94 487 98 494 ’
184 490 231 571 (ut
250 490 354 574 aiunt),
380 493 435 553 iste
461 513 479 553 a
503 514 604 572 puero,
623 511 736 554 sommo
761 493 866 566 dudio,
886 513 963 553 sam-

182 589 237 646 mis
256 589 430 649 doctoribus.
479 590 562 649 Nihil
586 591 681 649 dicam
704 592 741 649 de
763 591 891 669 ingenio,
913 590 963 648 cui

181 701 232 761 per
252 703 337 744 nemo
357 685 426 744 suit:
453 688 561 745 etenim
581 705 628 745 me
648 688 791 746 dicentem
813 687 862 762 qni
884 685 964 744 audi·

182 780 245 853 erit,
272 799 357 840 nemo
384 801 507 859 unquam
540 794 599 842 tam
632 783 677 842 sui
709 782 871 859 despiciens
898 782 961 854 iisit,
1089 794 1091 805 ’

152 875 250 950 oquin
282 887 408 954 speraret
436 887 484 936 eut
516 878 627 951 meiius,
655 888 704 936 ant
729 878 831 935 eodem
863 877 960 949 modo,

181 989 213 1029 se
238 990 322 1048 posse
348 972 462 1032 dicere:
496 973 602 1032 Crasso
633 973 758 1046 dicente,
778 991 872 1032 memo
902 982 961 1031 tam

182 1085 327 1145 arrogans,
354 1069 403 1144 qui
434 1067 565 1127 similiter
597 1087 628 1127 se
659 1087 785 1145 unquam
817 1068 962 1127 dicturum

181 1181 244 1222 esse
277 1165 439 1224 confideret.
498 1165 705 1237 Quamobrem,
732 1183 769 1222 ne
802 1164 906 1224 frustm
931 1164 962 1223 hi

181 1259 253 1318 tales
273 1259 326 1318 viri
348 1260 487 1335 venerint,
509 1275 539 1319 te
563 1261 722 1337 aliquando,
746 1260 860 1333 Crasse,
883 1260 962 1320 ιιιᾱί-

135 1367 168 1420 1⁰
183 1373 270 1416 amus.

220 1548 286 1608 XC.
316 1549 394 1608 Tum
418 1548 476 1623 ille,
499 1550 538 1610 Ut
561 1549 602 1608 ita
623 1550 679 1609 iste
703 1567 766 1608 esse
792 1549 961 1623 concedam,

183 1644 285 1720 inquit,
299 1645 419 1718 Antoni,
433 1665 496 1722 que
515 1656 583 1704 sunt
600 1646 687 1723 longe
702 1664 794 1719 secus,
809 1645 876 1723 quid
891 1645 962 1704 mihi

181 1749 212 1799 tu
226 1741 341 1799 tandem
355 1741 450 1815 hodie,
466 1752 513 1801 aut
527 1743 660 1819 cuiquam
679 1743 798 1818 homini,
812 1743 888 1820 quod
902 1742 962 1802 dici

180 1836 278 1913 possit,
292 1836 450 1915 reliquistii
490 1838 594 1897 Dicam
612 1839 689 1913 euim
705 1858 780 1913 vere,
796 1839 962 1899 amicissimi

138 1947 167 1997 15
181 1932 320 2005 homines,
334 1933 409 2009 quod
424 1934 535 2001 sentio;
555 1954 631 2010 saepe
649 1953 705 2012 ego
717 1935 819 1993 doctos
832 1936 962 1993 homines

181 2072 188 2088 .
209 2072 217 2087 .
239 2072 245 2088 .
267 2072 274 2088 .
295 2029 454 2104 quiddico,
469 2032 617 2107 “sepe''i
638 2030 725 2089 immo
738 2049 960 2107 nonnunquam:

181 2123 271 2201 (sepe
290 2124 367 2183 enim
387 2125 436 2201 qui
455 2127 546 2203 potui,
560 2126 609 2202 qui
627 2144 698 2204 puer
718 2125 748 2185 in
768 2127 860 2186 sorum
876 2146 961 2186 aene·

180 2220 244 2293 rim,
259 2239 352 2297 neque
367 2221 435 2280 inde
454 2241 580 2297 uuquam
599 2223 716 2297 diutius,
730 2240 815 2299 quem
828 2234 959 2300 questor,

181 2316 319 2375 abfuerim
327 2319 353 2398 t)
382 2318 431 2377 sed
459 2328 556 2377 tamen
584 2320 689 2393 audiri,
714 2318 760 2397 (ut
789 2319 851 2377 heri
883 2320 961 2379 dice·

132 2420 166 2471 tto
180 2411 259 2490 bam)
274 2422 302 2471 et
322 2413 445 2473 Athenis
464 2434 531 2474 cum
550 2434 652 2489 omem,
673 2414 854 2474 doctissimos
873 2416 959 2489 viros,

179 2506 259 2567 etin
279 2508 351 2567 Astu
370 2509 456 2568 istum
476 2510 568 2587 ipsum
587 2511 737 2587 Scepsium
750 2509 958 2585 Metrodorum,

177 2618 246 2661 curu
267 2600 303 2660 de
323 2603 367 2662 his
387 2604 456 2681 ipsis
475 2607 560 2665 rebus
579 2605 752 2681 disputaret:
778 2624 872 2681 neque
891 2624 959 2665 vero

178 2696 250 2755 mihi
283 2697 431 2776 quisquam
463 2700 607 2778 copiosius
639 2718 763 2776 unquam
797 2700 874 2759 risus
904 2711 958 2775 est,

178 2810 272 2869 neque
297 2794 439 2869 subtilius,
460 2795 490 2854 in
510 2797 567 2860 hcc
589 2812 696 2873 genere
721 2796 847 2870 dicendi,
873 2814 959 2875 mam

131 2902 165 2955 m
178 2886 232 2946 iste
258 2888 353 2964 hodie,
379 2908 442 2951 esse
469 2901 603 2951 versatas.
655 2892 790 2955 Quodsi
813 2904 889 2952 esset
910 2893 959 2952 aii-

178 2992 232 3061 ter,
248 2993 282 3045 et
301 2984 407 3065 aliquid
426 2980 617 3067 intelligerem
639 2988 676 3049 nb
698 2987 826 3052 Antonio
844 2999 959 3068 praeter·
