2184 3575
131 318 213 389 ult]
412 318 455 368 nr:
477 318 642 367 onrronn.
945 310 966 370 7

131 476 217 538 esset,
238 466 294 527 nisi
315 466 417 525 falsum
445 477 528 543 atque
556 465 717 526 imitatione
743 466 918 538 simulatum,

130 564 222 639 major
256 583 300 621 ars
339 563 434 639 aliqua
470 564 590 623 forsitan
626 573 703 621 esset
737 563 917 639 requirenda.

130 658 220 727 Nunc
256 678 321 737 ego,
356 660 424 735 quid
460 660 523 732 tibi,
560 660 674 732 Crasse,
708 659 778 735 quid
814 659 918 717 ceteris

132 756 254 829 accidat,
272 758 387 815 nescio:
409 758 445 815 de
465 776 511 813 me
532 767 637 828 autem,
659 776 747 816 causa
766 756 845 814 nulla
864 766 917 827 est,

127 871 182 912 our
210 854 284 929 apud
311 854 710 929 hominesprudentissimos
738 863 821 929 atque
850 852 948 911 ami-5

125 949 261 1010 cissimos
288 951 417 1008 mentiar.
469 950 550 1019 Non,
577 935 752 1021 mehercule,
780 969 916 1024 unquam,

124 1046 204 1121 apud
220 1046 344 1122 judices,
367 1058 415 1105 aut
442 1047 581 1118 dolorem,
604 1058 653 1104 aut
679 1046 915 1117 misericordiam,

124 1152 177 1201 aut
191 1142 337 1215 invidiam,
354 1155 402 1202 aut
421 1144 519 1201 odium
540 1143 666 1203 excitare
686 1143 811 1201 dicendo
827 1142 915 1214 volui,

122 1238 197 1313 quin
218 1240 288 1315 ipse,
311 1240 341 1297 in
365 1241 595 1316 commonendisx
606 1239 762 1315 judicibus,
785 1239 820 1296 iis
847 1238 916 1314 ipsis

125 1336 270 1406 sensibus,
296 1336 331 1393 ad
358 1356 428 1411 quos
457 1336 521 1393 illos
549 1336 692 1393 adducere
718 1336 830 1406 vellem,
853 1342 962 1411 per-1⁰

124 1416 265 1490 moverer.
306 1431 412 1505 Neque
439 1432 516 1489 enim
544 1432 629 1490 facile
652 1442 696 1488 est
714 1432 862 1507 perficere,
884 1442 916 1489 ut

123 1526 277 1597 irascatur,
293 1528 340 1585 cui
361 1538 392 1585 tu
413 1528 492 1599 velie,
511 1528 610 1603 judex,
624 1526 649 1584 si
668 1537 700 1584 tu
721 1527 782 1601 ipse
796 1526 824 1583 id
838 1526 915 1586 lente

123 1622 200 1681 fferre
221 1624 351 1693 videare3
379 1643 473 1699 neque
501 1636 533 1683 ut
550 1624 653 1685 oderit
680 1642 756 1695 eum,
776 1642 862 1699 quem
883 1634 913 1681 tu

123 1719 205 1792 velis,
220 1720 275 1777 uisi
289 1720 410 1797 teipsum
434 1720 602 1798 flagrantem
624 1720 692 1777 odio
715 1729 780 1778 ante
794 1720 913 1791 viderit;

123 1835 217 1892 neque
242 1817 277 1876 ad
304 1818 529 1876 misericordiam
559 1818 727 1889 adducetur,
751 1817 807 1876 nisi
831 1819 858 1876 ei
882 1827 912 1876 tu
931 1820 962 1871 15

122 1913 208 1989 signa
231 1913 336 1972 doloris
360 1914 401 1971 tui
426 1914 528 1986 verbis,
551 1914 713 1986 sententiis,
727 1933 808 1986 voce,
822 1915 912 1986 vultu,

125 2009 377 2084 collacrymatione
397 2011 531 2085 denique,
552 2010 721 2069 ostenderis.
775 2010 815 2068 Ut
834 2011 912 2070 enim

123 2105 203 2172 nulla
216 2106 350 2180 materies
369 2118 426 2164 tam
442 2107 534 2164 facilis
550 2107 586 2164 ad
599 2107 843 2164 exardescendum
857 2116 911 2178 est,

124 2220 197 2275 que,
211 2201 268 2258 nisi
289 2201 402 2260 admoto
423 2203 494 2280 igni,
511 2203 608 2278 ignem
629 2203 783 2278 concipere
803 2202 911 2276 possit;

123 2296 167 2365 sic
190 2297 269 2356 naula
296 2316 377 2356 mens
401 2308 443 2354 est
468 2308 526 2357 tam
552 2299 587 2356 ad
611 2298 910 2375 comprehendendam
927 2305 959 2354 2⁰

123 2393 179 2456 vim
208 2393 329 2453 oratoris
359 2405 467 2469 parata,
495 2413 557 2468 quae
583 2393 673 2469 possit
700 2393 827 2466 incendi,
854 2394 910 2452 nisi

123 2489 315 2548 inflammatus
345 2489 406 2566 ipse
438 2490 473 2548 ad
500 2509 575 2562 eam,
606 2499 636 2546 et
667 2490 778 2562 ardens,
814 2510 910 2551 acces-
936 2486 938 2494 '

121 2605 202 2654 serra.

161 2779 269 2839 XLVI.
301 2780 358 2852 Ac,
380 2799 417 2838 ne
439 2779 511 2839 forte
533 2781 591 2840 hoc
611 2799 747 2858 magnum
770 2800 805 2840 ac
825 2781 909 2845 mira·

121 2877 181 2939 bile
199 2896 262 2936 esse
283 2875 422 2952 videatur,
445 2877 591 2944 hominem
611 2878 694 2938 toties
714 2877 810 2950 irasci,
824 2877 909 2941 toties
924 2881 956 2935 25

121 2973 230 3048 dolere,
248 2974 335 3035 toties
355 2974 433 3034 omni
456 2974 545 3037 animi
566 2985 645 3034 motu
667 2974 817 3047 concitari,
837 2994 909 3052 pre·

119 3069 219 3130 sertim
242 3071 273 3132 in
295 3071 382 3135 rebus
409 3071 520 3147 alienis,
543 3091 649 3155 magna
675 3071 717 3134 ris
742 3081 786 3132 est
808 3090 907 3135 earum
