2184 3575
144 323 201 384 176
460 335 506 384 oa
528 333 691 383 ommam
879 330 977 394 mm.

188 485 345 544 mutatione
363 485 474 563 aptiusl
507 485 609 561 Itaque
624 485 701 543 idem
717 481 870 543 Gracchus
883 480 977 559 (quod

186 592 270 658 potes
297 583 411 655 audire,
432 583 545 655 Catule,
567 601 603 641 ex
626 581 755 658 Erycino
780 579 886 637 cliente
911 589 975 650 tuo,
1073 656 1074 661 η

186 677 302 737 literato
321 679 447 750 homine,
461 697 546 754 quem
566 697 679 736 servum
694 677 750 734 sibi
763 676 811 745 ille
824 674 925 733 habuit
934 674 976 732 ad
1073 672 1074 683 ¹

188 774 318 852 manum)
334 791 399 832 cum
410 771 567 832 eburneola
581 771 683 830 solitus
692 780 735 828 est
749 770 854 826 habere
866 767 974 840 fistuli,

154 870 237 944 oqui
258 879 344 927 staret
364 868 479 926 occulte
498 878 564 944 post
582 868 686 943 ipsum,
701 886 766 925 cum
787 866 975 926 concionare-

188 974 243 1037 tur,
258 965 380 1040 peritum
394 963 550 1036 hominem,
564 965 614 1039 qui
634 964 746 1022 inflaret
759 962 892 1020 celeriter
904 980 975 1018 eum

187 1077 299 1132 sonum,
314 1078 370 1134 quo
391 1060 475 1118 illum
492 1069 541 1117 aut
561 1059 711 1116 remissum
730 1058 878 1129 excitaret,
893 1068 943 1115 aut
956 1076 975 1115 a

186 1156 370 1216 contentione
395 1165 551 1214 revocaret.
591 1154 710 1227 Audivi,
736 1153 909 1226 mehercule,
931 1153 975 1210 in·

186 1251 248 1327 quit
275 1252 405 1324 Catulus,
439 1261 468 1309 et
487 1270 563 1328 saepe
583 1269 646 1308 sum
668 1250 823 1309 admiratus
848 1249 974 1308 hominis

140 1352 171 1404 {0
187 1367 253 1406 cum
274 1348 462 1426 diligentiam,
475 1357 536 1406 tum
556 1348 643 1406 ctiam
664 1346 823 1405 doctrinam
837 1357 867 1403 et
879 1346 974 1404 scien·

184 1445 263 1504 tiam.
304 1445 369 1523 Ego
389 1464 466 1518 vero,
487 1445 580 1520 inquit
600 1443 731 1517 Crassus,
745 1428 788 1500 ¹rata
807 1443 892 1501 doleo
911 1441 974 1518 qui-

186 1542 262 1614 dem,
276 1541 340 1600 illos
354 1541 429 1600 viros
444 1541 473 1598 in
487 1561 551 1598 eam
566 1540 694 1598 fraudem
705 1540 734 1598 in
746 1539 895 1615 republici
908 1556 973 1596 esse

186 1636 332 1712 delapsos:
353 1653 516 1710 quanquam
532 1653 568 1692 ea
581 1634 638 1692 tela
651 1634 766 1706 texitur,
780 1646 809 1690 et
822 1652 858 1690 ea
870 1632 973 1690 incita·

184 1741 232 1788 tur
247 1730 275 1788 iu
291 1730 405 1788 civitate
422 1730 494 1789 ratio
508 1729 633 1802 vivendi,
648 1748 683 1786 ac
702 1727 861 1806 posteritati
878 1736 973 1785 osten·

140 1833 171 1883 to
183 1824 272 1896 ditur,
287 1834 318 1882 ut
337 1842 436 1881 eorum
458 1824 574 1895 civium,
595 1842 667 1904 quos
689 1824 780 1881 nostri
798 1833 894 1900 patres
913 1842 972 1883 uon

185 1921 321 1991 tulerunt,
339 1920 397 1996 jam
422 1919 529 1978 similes
550 1920 655 1978 habere
675 1920 832 1996 cupiamus.
872 1918 971 1991 Mitte,

182 2017 315 2088 obsecro,
329 2016 431 2091 inquit,
446 2016 560 2088 Crasse,
575 2016 680 2088 Julius,
699 2034 860 2074 sermonem
873 2015 971 2088 istum

185 2124 214 2171 et
234 2124 262 2172 te
283 2114 318 2171 ad
338 2113 464 2171 Gracchi
485 2113 607 2175 fistulam
624 2113 714 2184 refer;
735 2113 819 2189 cujus
831 2131 886 2190 ego
899 2131 972 2171 non·

185 2212 253 2269 dum
266 2211 351 2288 plane
364 2210 503 2269 rationem
519 2210 657 2288 intelligo.

138 2404 169 2455 2⁰
223 2402 303 2462 LXI.
337 2402 372 2461 In
386 2404 465 2462 omni
479 2422 559 2475 voce,
574 2401 667 2477 inquit
681 2402 812 2475 Crassus,
825 2413 871 2461 est
882 2402 972 2479 quod·

184 2500 250 2557 dam
264 2500 399 2571 medium,
414 2500 465 2557 sed
482 2518 565 2557 suum
580 2498 685 2574 cuique
698 2498 772 2556 voci.
813 2497 894 2557 Hinc
906 2516 972 2576 gra·
1073 2521 1074 2524 ¹

184 2595 272 2653 dulim
298 2596 453 2653 ascendere
474 2614 572 2653 vocem
589 2594 660 2652 utile
681 2603 710 2652 et
724 2613 810 2653 suave
823 2607 867 2653 est
887 2593 969 2672 (nem

185 2692 363 2767 aprincipio
386 2692 519 2763 clamare,
545 2700 656 2767 agreste
681 2691 817 2769 quiddam
843 2693 911 2773 est)
938 2701 970 2749 et

183 2788 258 2845 idern
286 2788 356 2846 illud
384 2788 419 2845 ad
445 2787 613 2845 firmandam
639 2796 682 2844 est
708 2805 813 2846 rocemv
834 2787 968 2849 salutare.

135 2893 168 2944 m
183 2884 296 2943 Deinde
322 2895 367 2942 est
395 2884 538 2959 quoddam
571 2884 766 2942 contentionis
781 2944 783 2949 ,
798 2880 969 2957 extremrim,

184 2978 274 3057 (quod
293 2990 388 3037 tamen
408 2979 529 3037 interius
548 2988 601 3051 est,
615 2998 701 3055 quam
715 2980 898 3041 acutissimus
911 2980 970 3039 cla·

183 3077 257 3156 mor)
269 3084 367 3153 quote
380 3076 474 3134 tisurla
486 3076 618 3155 progredi
633 3075 721 3159 [non]
734 3076 812 3135 sinet
832 3088 969 3142 ettamen
1073 3121 1074 3126 η
