2184 3575
124 334 209 394 um]
409 338 452 385 na
474 337 638 385 cursous.

123 480 250 559 linquas,
271 483 380 541 nihilne
394 486 526 543 'noceasl
566 485 602 543 In
621 504 680 561 quo
698 504 762 563 ego,
776 504 834 545 nou
853 504 912 563 quo

124 577 249 637 libenter
268 580 343 639 male
365 580 488 653 audiam,
503 582 554 639 scd
574 582 642 656 quia
654 600 710 659 ego
724 601 840 641 causam
853 602 911 641 non

124 673 249 733 libenter
281 676 422 751 relinquo,
456 677 577 735 nimium
609 679 720 754 patiens
752 689 782 736 et
817 678 912 737 lentus

125 771 288 841 existimor3
317 782 358 843 ut,
380 791 445 830 cum
466 783 495 830 te
515 774 619 848 ipsum,
640 774 761 849 Sulpici,
781 775 913 852 objurga·

125 866 203 941 bam,
223 868 301 942 quod
321 869 541 927 ministratorem
563 880 684 944 peteres,
704 888 763 927 non
783 876 941 928 adversa-5

123 962 209 1021 rium.
250 964 296 1022 Ex
315 983 371 1038 quo
391 964 477 1023 etiam
499 964 569 1021 illud
590 984 734 1039 assequor,
755 976 796 1037 ut,
809 965 834 1021 si
847 965 911 1043 quis

123 1058 197 1115 mihi
210 1059 373 1131 melodient,
387 1060 528 1135 petulans,
543 1070 592 1119 aut
603 1060 689 1137 plane
706 1060 834 1133 insuam,
847 1080 910 1119 essa

124 1153 265 1211 rideatur.

166 1248 201 1305 In
216 1248 285 1324 ipsis
299 1259 392 1307 autem
408 1251 582 1325 argumentis
594 1250 619 1307 si
632 1251 700 1325 quid
719 1251 849 1327 posueris
863 1262 911 1311 aut

127 1354 226 1418 aperte
246 1344 357 1415 falsum,
379 1354 427 1403 aut
452 1346 490 1415 ei,
510 1345 587 1419 quod
613 1346 729 1417 dixeris,
749 1347 911 1407 dicturusve
926 1357 956 1407 ιθ

127 1438 178 1509 sis,
193 1434 378 1511 contrarium,
393 1451 442 1497 aut
455 1459 562 1517 genere
578 1440 640 1518 ipso
655 1452 794 1499 remotum
808 1443 844 1499 ab
857 1460 910 1500 usu

123 1534 301 1611 judiciorum
335 1554 369 1593 ac
402 1536 475 1608 loro,
508 1536 618 1593 nihilne
650 1538 776 1594 noceasl
828 1537 910 1599 Quid

126 1630 237 1688 multal
264 1630 357 1689 omnis
384 1649 454 1689 cura
481 1650 544 1689 meu
570 1632 643 1689 solet
669 1631 699 1689 iu
726 1632 781 1691 hoc
805 1633 911 1692 versari

126 1742 248 1801 semper,
264 1725 372 1803 (dicam
393 1726 470 1783 enim
491 1726 608 1806 saepius)
630 1726 654 1783 si
667 1727 783 1804 possim,
798 1738 829 1785 ut
843 1727 910 1786 boni

128 1820 234 1896 aliquid
254 1822 376 1882 efficiam
397 1822 537 1894 dicand03
559 1823 605 1880 sin
616 1822 648 1882 id
660 1824 766 1896 minus,
781 1833 812 1882 ut
830 1836 910 1884 certe
924 1838 956 1888 15

126 1917 232 1994 nequid
246 1918 322 1978 mali.
414 1982 416 1990 ,
720 1919 730 1944 ”

165 2109 305 2168 LXXVI.
336 2109 436 2184 Itaque
452 2127 530 2168 nuuc
552 2108 621 2167 illuc
640 2110 738 2181 redeo,
751 2110 865 2182 Catule,
879 2112 911 2169 in

128 2223 185 2280 quo
211 2215 242 2262 tu
269 2223 315 2262 me
340 2205 425 2280 paulo
451 2215 517 2262 ante
543 2204 689 2276 laudabas,
717 2205 753 2262 ad
779 2207 910 2264 ordinem

129 2299 404 2373 collocutionemque
436 2318 531 2356 rerum
566 2318 600 2357 ac
628 2300 766 2360 locorum.
820 2302 911 2378 Cujus

127 2396 201 2455 ratio
227 2405 271 2454 est
296 2395 417 2470 duplex:
452 2395 551 2465 altera,
578 2415 663 2471 quam
697 2397 777 2455 affert
808 2409 911 2457 natura
924 2409 956 2460 w

128 2511 294 2562 causarum3
317 2492 413 2561 altera,
435 2511 497 2566 quae
518 2502 662 2549 oratorum
679 2492 789 2568 judicio
802 2505 831 2552 et
843 2513 910 2570 pru·

128 2587 224 2646 dentid
245 2598 433 2663 comparatur.
474 2587 563 2659 Nam,
584 2597 615 2644 ut
636 2587 741 2664 aliquid
763 2599 829 2648 ante
848 2609 908 2649 rem

128 2685 267 2755 dicamus,
295 2683 409 2755 deinde,
437 2694 468 2741 ut
494 2702 555 2741 rem
582 2702 765 2759 exponamus,
788 2695 852 2762 post
877 2696 910 2744 ut

128 2799 190 2840 eam
216 2781 369 2856 probemus
395 2780 500 2838 nostris
525 2780 666 2855 presidiis
696 2781 908 2853 confirmandis,

129 2876 278 2934 contrariis
311 2875 477 2948 refutandis,
504 2875 610 2934 deinde
635 2885 667 2933 ut
693 2877 908 2948 concludamus,
922 2889 955 2940 25

130 2981 212 3046 atque
232 2971 272 3030 ita
289 2989 466 3046 peroremus,
485 2971 540 3029 hoc
561 2971 677 3030 dicendi
697 2989 788 3050 mnus
806 2982 910 3032 natura

129 3067 189 3146 ipsa
201 3066 366 3144 prescribit.
