2184 3575
132 333 224 394 ani]
414 334 457 380 nu
478 333 642 381 onunoan.
906 321 961 385 141

132 483 226 554 diam;
254 482 408 540 dummodo
434 482 490 540 hou
510 493 634 554 constet,
653 496 748 558 neque
767 481 917 540 infantiam

133 579 204 654 ejus,
223 578 270 653 qui
290 596 349 634 rem
370 577 456 650 ndrit,
476 579 526 636 sed
546 597 610 636 eam
629 578 777 654 explicare
794 579 918 638 dicendo

133 695 191 733 non
205 686 299 750 queat,
313 693 407 749 neque
428 674 610 733 inscientiam
631 675 717 747 illius,
731 675 780 734 aui
799 693 845 732 res
858 694 918 732 uon

132 781 272 846 suppetat,
301 762 388 828 verba
420 790 477 829 non
505 771 609 843 desint,
636 790 700 828 esse
728 771 916 830 laudandam:

133 885 252 942 quorum
266 866 292 924 si
308 867 427 924 alterum
441 867 478 924 sit
490 866 656 942 optandum,
670 867 767 924 malim
784 866 917 942 equidem
932 872 949 922 ⁵

132 962 298 1020 indisertam
324 962 516 1038 prudentiam,
537 981 624 1038 quam
647 963 797 1020 stultitiam
822 962 918 1038 loqua-

132 1077 204 1116 eem.
621 1117 624 1122 .

171 1155 224 1212 Sin
243 1154 406 1229 querimus,
427 1153 604 1230 quid-unum
631 1155 753 1212 exeellat
771 1173 806 1212 ex
826 1153 917 1213 omni·

132 1249 195 1320 bus,
220 1249 304 1308 doato
330 1250 434 1308 oratori
459 1250 555 1325 palma
577 1251 674 1308 danda
693 1260 754 1308 est:
785 1267 869 1325 quem
892 1248 918 1308 si

131 1345 278 1422 patiuntur
311 1344 434 1410 eundem
467 1363 531 1403 esse
563 1345 774 1420 philosophum,
807 1345 919 1403 sublata
933 1353 965 1404 1⁰

133 1441 325 1498 controversia
338 1451 388 1498 est.
430 1441 482 1498 Sin
496 1460 548 1498 eus
560 1440 740 1516 disjungent3
761 1440 818 1498 hou
835 1452 919 1499 erunt

132 1536 291 1608 inferiores,
306 1537 381 1611 quod
396 1537 425 1594 iu
439 1548 553 1595 oratore
572 1536 700 1611 perfecto
718 1536 792 1596 inest
804 1535 918 1593 illorum

132 1632 227 1690 amnis
240 1633 371 1704 seientia,
382 1633 412 1711 iu
423 1633 657 1709 philosophorum
671 1641 766 1689 autem
780 1631 918 1708 eoguitio·

131 1747 240 1788 aenon
260 1729 398 1786 continuo
418 1730 493 1788 inest
513 1728 691 1805 eloquentia3
712 1747 775 1803 quae
789 1728 917 1803 quamvis

132 1836 331 1885 oontemuatur
352 1827 387 1885 ab
407 1827 459 1897 eis,
476 1844 596 1883 neeesse
615 1834 774 1881 esttamen
795 1824 917 1899 aliquem
934 1828 965 1878 16

132 1924 277 1983 aumatium
293 1925 404 1983 illorum
426 1922 534 1981 artibus
551 1922 652 1980 afferre
665 1920 802 1980 videatur.
845 1920 919 1979 Haeo

132 2038 199 2077 uum
214 2020 334 2078 Crassus
349 2020 475 2088 dixisset,
486 2036 638 2094 parumper
651 2025 681 2075 et
694 2016 755 2092 ipse
768 2016 917 2089 conticuit,

132 2114 279 2171 etaetatis
293 2112 438 2171 silentium
452 2112 513 2169 fuit.

141 2344 144 2351 -
173 2304 317 2363 XXXVI.
348 2303 426 2362 Tum
441 2303 537 2375 Gutta,
552 2302 704 2379 Equidem,
719 2302 821 2380 inquit,
835 2303 920 2361 Cras-

135 2420 176 2475 se,
197 2418 254 2459 nou
274 2419 389 2477 possum
411 2400 500 2475 queri,
515 2400 591 2475 quod
611 2399 681 2457 mihi
700 2399 815 2458 videare
842 2400 919 2458 aliud
934 2405 966 2456 m

135 2498 279 2574 quiddam,
294 2505 323 2554 et
336 2515 395 2553 nun
416 2496 448 2553 id⁴
465 2494 541 2572 quod
558 2495 728 2571 susceperis,
742 2496 918 2571 disputasse;

133 2594 198 2670 plus
224 2593 301 2652 enim
330 2593 474 2667 aliquanto
503 2591 631 2662 attulisti,
658 2610 741 2666 quam
769 2592 821 2649 tibi
844 2602 920 2652 esset

135 2690 272 2747 tributum
292 2708 309 2746 a
326 2688 410 2746 nobis
431 2707 465 2745 aa
486 2682 701 2745 denuntiatum:
721 2688 772 2744 sed
793 2689 874 2746 uerte
891 2698 921 2746 et

135 2785 178 2865 hae
192 2796 285 2861 partes
300 2784 414 2842 fuerunt
427 2794 493 2855 tuae,
509 2784 544 2841 de
559 2782 727 2841 illustrandi
744 2784 874 2841 oratione
887 2792 920 2841 ut

135 2882 256 2953 diceres,
281 2891 311 2938 et
336 2900 400 2938 eras
426 2880 486 2955 ipse
510 2879 569 2955 jam
597 2878 751 2955 ingressus,
775 2890 860 2955 atque
889 2880 919 2937 in
934 2884 967 2934 25

135 2987 256 3055 quatuor
268 2986 363 3052 partes
377 2993 491 3035 ornnem
510 2974 649 3033 orationis
668 2973 781 3033 laudem
795 2976 920 3051 deserip-

106 3076 109 3081 “
135 3083 230 3131 seras:
254 3090 376 3147 eumque
397 3071 433 3131 de
452 3070 565 3130 duabus
583 3068 684 3146 primis
701 3069 786 3129 nobis
804 3070 920 3147 quidem
