2184 3575
136 340 218 400 nri]
420 339 462 387 nn
484 338 647 386 onruonn.
930 329 970 389 πε

136 486 209 544 mihi
230 487 276 545 vix
295 483 442 546 serendum
462 488 620 547 videbatur.
661 487 722 546 Hic
735 496 803 547 cuin
817 488 924 547 arrisis-

138 594 184 640 set
198 584 256 660 ipse
270 582 401 657 Crassus,
415 586 563 657 Attamen,
578 586 671 660 inquit
682 578 842 657 Antonius,
855 582 922 643 c’nm

140 693 229 737 artem
255 700 317 739 esse
344 682 521 754 facetiarum,
543 682 612 753 Juli,
633 693 764 759 negares,
787 682 922 757 aperuisti

140 758 283 849 quiddam,
295 778 369 851 quod
383 777 607 853 praecipiendum
619 767 770 835 uideretur.
812 777 923 835 Haberi

137 871 214 927 enim
243 872 339 929 dixisti
366 873 505 930 rationem
532 888 663 949 oportere
690 874 848 945 hominum,
869 872 955 944 reio

135 968 282 1042 temporis
297 969 414 1043 nequid
432 969 516 1044 jocus
530 970 566 1025 de
580 970 717 1046 gravitate
738 970 920 1045 decerperet3

136 1063 213 1137 quod
234 1064 349 1138 quidem
370 1065 400 1121 in
418 1065 517 1140 primis
532 1084 548 1123 a
562 1065 667 1123 Crasso
682 1066 825 1123 observari
839 1066 919 1122 solet.
963 1124 974 1142 „

136 1160 195 1217 Sed
216 1160 272 1217 hoc
291 1172 466 1236 praeceptum
489 1162 761 1236 praetermittendum
782 1172 825 1219 ast
846 1162 921 1219 faco-

135 1256 250 1327 tiarum,
279 1274 344 1313 cum
372 1257 417 1313 his
444 1258 516 1314 nihil
543 1276 614 1332 opus
641 1251 693 1314 sit:
727 1275 780 1314 nos
815 1267 919 1329 autem,

135 1352 279 1427 quomodo
293 1363 415 1424 utamur,
430 1372 496 1410 cum
511 1372 583 1428 opus
596 1354 642 1423 sit,
656 1354 824 1428 quaerimus3
845 1365 876 1414 ut
891 1354 920 1411 in
935 1364 967 1413 lt)

137 1448 339 1509 adversarium.
357 1460 385 1505 ct
406 1449 537 1519 maxime,
554 1449 577 1506 ai
597 1449 660 1525 ejus
678 1449 798 1505 stultitia
816 1450 921 1524 poterit

136 1547 248 1621 agitari,
270 1546 298 1603 in
325 1558 428 1603 testem
455 1546 582 1617 stultum,
607 1546 753 1622 cupidum,
774 1547 875 1619 levem,
896 1546 921 1604 si

134 1642 221 1699 facile
249 1642 380 1699 homines
407 1642 532 1700 audituri
554 1644 737 1701 ¹videbuntur.
791 1642 921 1701 Omnino

133 1738 326 1814 probabiliora
346 1749 505 1815 suntsquae
528 1739 653 1796 lacessiti
681 1739 813 1812 dicimus,
834 1758 919 1815 quam

134 1853 198 1910 quae
212 1836 337 1910 priores:
358 1855 424 1892 nam
439 1846 467 1894 et
482 1836 590 1912 ingenii
611 1837 746 1893 celeritas·
761 1837 851 1913 major
866 1847 919 1908 est,
934 1845 966 1896 15

133 1950 197 2006 quae
218 1941 333 2007 apparet
350 1933 379 1991 in
398 1932 608 2007 respondendo,
623 1943 652 1989 et
672 1933 857 1990 humanitatis
876 1943 920 1990 est

133 2028 291 2103 responsio.
342 2028 482 2085 Videmur
502 2029 579 2084 enim
601 2029 724 2102 quicturi
745 2029 842 2099 fuisse,
863 2029 919 2085 nisi

133 2141 262 2180 essemus
275 2123 416 2194 lacessiti;
438 2134 479 2194 ut,
495 2109 523 2180 in
538 2124 592 2181 istri
606 2124 667 2200 ipsa
681 2125 833 2194 concione,
847 2123 919 2180 nihi}

133 2219 195 2276 fere
215 2219 324 2276 dictum
345 2227 388 2275 est
410 2219 531 2290 abhoc,
553 2220 629 2294 quod
657 2220 772 2294 quidem
799 2216 920 2276 facetius

133 2315 243 2372 dictum
265 2315 417 2386 videretur,
438 2316 514 2390 quod
534 2333 593 2372 non
613 2326 785 2390 provocatus
804 2333 920 2391 respon·
932 2330 967 2380 eo

132 2411 217 2468 derit.
271 2410 341 2468 Erat
369 2421 461 2468 autem
487 2420 567 2468 tanta
587 2411 710 2488 gravitas
730 2411 766 2468 in¹
780 2411 919 2483 Domitio,

131 2519 214 2566 tanta
235 2507 398 2580 auctoritas,
413 2518 455 2579 ut,
469 2508 544 2583 quod
565 2516 640 2564 esset
661 2508 697 2565 ab
716 2527 751 2566 eo
764 2509 919 2585 objectum,

131 2605 230 2679 lepore
245 2604 336 2681 magis
349 2605 528 2678 elevandum,
544 2623 631 2680 qoam
650 2604 832 2662 contentione
846 2604 921 2663 fran-

131 2700 270 2778 gendum,
285 2701 436 2759 videretur.
512 2711 514 2714 '

173 2891 267 2950 LVII.
299 2891 377 2950 Tum
399 2893 554 2970 Sulpicius,
574 2893 657 2956 Quid
678 2893 786 2970 igitur?
810 2893 918 2970 inquit:
931 2903 963 2953 25

129 2987 284 3064 patiemur,
299 2989 453 3062 Caesarem,
469 2989 517 3064 qui
538 3007 700 3065 quanquam
721 2990 827 3048 Crasso
845 2990 921 3048 saco·

129 3084 188 3142 tias
209 3084 354 3160 concedit,
374 3095 471 3144 tamen
497 3085 588 3145 multo
604 3087 638 3145 in
657 3105 693 3144 co
712 3087 808 3145 studio
827 3085 920 3162 magia

212 3197 277 3238 von.
292 3198 324 3238 n.
443 3181 463 3238 3
