2184 3575
154 311 202 379 222
483 319 526 367 nn
548 320 712 368 onarone.
911 320 993 381 [nn

210 467 285 526 buna
307 467 386 525 dieta
408 470 545 527 teneat:''
577 470 640 528 hee
666 470 779 529 scilieet
800 470 877 528 bona
902 470 992 544 dieta,
1082 487 1083 494 ¹

209 584 272 639 que
286 567 360 624 salsa
373 568 446 625 sint:
467 564 537 625 numv
548 586 584 626 ea
595 569 675 626 dictu
688 568 863 645 appellantur
876 568 993 645 propriu

207 681 266 739 Jeru
280 681 404 721 nomme.

249 857 310 915 LV.
342 859 410 930 Sed,
425 869 456 916 ut
471 859 500 916 in
515 861 673 919 Scaevolam
694 860 836 918 continuit
855 878 891 917 ea
908 859 994 917 Cras·
1082 867 1083 924 Ξ

177 964 195 1011 5
209 972 267 1025 sns,
283 965 365 1029 atque
386 954 435 1013 illo
456 956 544 1013 altero
564 976 679 1034 genere,
694 956 724 1014 in
738 975 794 1031 quo
806 956 878 1013 uuili
898 955 991 1013 aculei

209 1050 447 1113 contumeliarum
473 1051 595 1124 inerant,
622 1070 738 1109 eausam
764 1052 841 1109 illam
867 1052 992 1127 disputa·

209 1145 372 1221 tionemque
391 1146 474 1217 lusit3
495 1148 549 1220 sic,
564 1150 593 1206 in
614 1149 714 1220 Bruto,
735 1167 819 1223 quem
838 1149 947 1219 oderat,
961 1157 992 1204 et

208 1260 294 1316 quem
327 1249 444 1321 dignum
478 1245 653 1304 contumelid
682 1245 839 1321 judicabat,
873 1255 991 1319 utroque
1082 1229 1083 1234 ἵ

208 1358 315 1415 genere
334 1342 477 1417 pugnavit.
517 1342 617 1403 Quam
636 1342 726 1399 muita
738 1341 774 1398 de
788 1341 906 1412 balneis,
920 1358 990 1416 quas

163 1447 194 1495 10
210 1454 299 1512 nuper
323 1437 371 1494 ille
394 1438 570 1510 vendiderat,
595 1457 680 1513 quam
707 1438 797 1494 multa
823 1437 859 1494 de
885 1436 989 1493 amisso

208 1533 381 1607 patrimonio
408 1534 495 1591 dixit!
531 1546 616 1609 atque
642 1534 691 1591 illa
717 1534 823 1604 brevia,
847 1552 913 1590 eum
941 1532 990 1590 ilie

210 1628 328 1699 diceret,
352 1647 383 1685 se
407 1630 469 1687 sine
496 1631 585 1687 caueri
611 1630 730 1699 sudare3
762 1628 913 1686 “Minime
938 1628 990 1686 mi·

209 1726 301 1796 rum‚'’
323 1724 431 1800 inquit;
460 1726 575 1784 “modo
595 1727 672 1783 enirn
691 1725 776 1784 existi
795 1726 832 1782 de
851 1725 988 1783 balneis.''

208 1814 431 1880 Innumerabilia
464 1823 663 1900 hujuscemodi
696 1823 820 1895 fuerunt,
848 1823 898 1881 sed
931 1841 990 1881 non

162 1930 193 1978 15
208 1917 303 1974 minus
313 1919 441 1994 jucunda
455 1919 503 1977 illa
516 1929 661 1994 perpetua.
702 1920 777 1979 Cum
792 1919 870 1976 enim
885 1919 990 1977 Brutus

208 2012 280 2070 duos
306 2013 428 2070 lectores
461 2013 680 2085 excitdaset,1et
706 2014 787 2072 alteri
813 2015 849 2070 de
876 2014 989 2072 oolonid

207 2109 390 2168 Narbonensi
404 2110 501 2167 Crassi
516 2110 673 2167 orationem
687 2110 838 2186 legendam
854 2109 988 2182 dedisset,

209 2205 289 2264 alteri
309 2207 345 2264 de
371 2206 434 2283 lege
462 2206 593 2278 Servilii,
615 2216 728 2264 etcum
750 2207 893 2265 contraria
915 2207 989 2264 inter

207 2320 270 2358 sese
290 2302 326 2358 de
346 2302 493 2377 republica
513 2302 608 2378 capita
628 2302 809 2372 eontulisset3
831 2312 927 2359 noster
941 2301 989 2359 hic

161 2406 193 2456 20
209 2396 380 2456 facetissime
394 2409 451 2454 tres
464 2398 552 2474 patris
566 2399 647 2456 Bruti
661 2399 697 2454 de
707 2398 771 2473 jure
786 2398 863 2455 uirili
876 2397 990 2455 libellos

208 2493 298 2549 tribus
318 2493 454 2569 legendos
474 2493 561 2551 dedit.
602 2494 647 2550 Ex
665 2495 739 2550 libro
756 2493 859 2568 primo,
874 2494 990 2552 “Forte

209 2588 313 2655 evenit,
343 2599 374 2646 ut
407 2589 436 2646 in
470 2589 628 2647 Privernati
661 2591 827 2646 essemus:'’
861 2596 880 2626 “
891 2590 988 2661 Brute,

209 2683 377 2742 testificatur
403 2696 491 2761 pater,
512 2704 543 2742 se
570 2685 622 2743 tibi
648 2684 841 2742 Privernatem
869 2686 989 2743 fundum

210 2779 385 2854 reliquisse.’'
439 2780 553 2838 Deinde
586 2799 621 2836 ex
653 2779 727 2836 libro
760 2781 897 2851 seeundo,
925 2788 943 2814 “
953 2781 989 2838 In

162 2881 194 2930 25
209 2875 324 2932 Albano
337 2894 450 2933 eramus
463 2895 518 2953 ego
532 2886 561 2933 et
574 2875 692 2933 Marcus
703 2876 777 2934 filius
786 2879 816 2935 :''
839 2877 990 2953 “Sapiens

121 3024 128 3036 „
202 2971 342 3035 ,videlicet
370 2972 455 3030 homo
489 2989 555 3029 eum
587 2972 686 3049 primis
718 2985 822 3030 nostre
856 2973 989 3045 civitatis,

208 3066 292 3130 niret
317 3067 395 3127 hune
425 3069 584 3146 gurgitem
618 3069 772 3143 metuebat,
797 3087 845 3143 ne,
872 3088 938 3128 eum
964 3069 990 3129 is
