2184 3575
144 323 201 386 1oe
462 335 506 382 ns
528 334 691 382 onsrnnn
880 333 977 394 [nus

188 482 289 542 endem
301 485 388 543 verbs
407 483 531 560 impetus
546 493 577 542 et
594 482 758 555 oonoursio,
771 492 802 541 et
815 481 977 558 adjunotio,

188 590 219 638 et
238 582 410 658 progressio,
431 590 459 638 et
479 581 608 656 ejusdem
628 580 708 637 verbi
734 580 863 653 erebrius
889 577 977 654 positi

189 677 318 752 quedam
333 677 491 748 distinctio,
505 687 535 732 et
547 676 690 734 revocatio
700 675 788 746 verbi,
799 685 829 733 et
841 675 900 746 illu,
912 693 978 749 quse

190 773 320 830 similiter
333 772 476 842 desinunt,
492 781 540 828 nut
561 791 624 846 quus
645 772 752 830 endunt
772 771 911 841 similiter,
927 781 978 828 aut
1076 792 1077 807 ι

158 875 175 925 5
190 885 253 944 que
266 868 383 944 peribus
395 867 476 944 paria
493 868 665 938 referuntur,
680 878 727 926 nut
745 885 809 943 qne
822 878 888 924 sunt
901 867 978 924 inter

189 983 220 1022 se
234 963 346 1022 similis.
388 962 440 1022 Est
460 963 548 1020 etiarn
567 963 698 1040 gradatio
711 963 851 1038 quedem,
865 973 895 1020 et
907 981 978 1020 oon·

189 1059 292 1130 versio,
320 1069 349 1116 et
374 1059 525 1116 verborum
553 1059 697 1118 eonoinnn
722 1059 919 1135 transgressio,
947 1071 977 1116 et
1076 1114 1077 1121 ,

191 1155 377 1227 eontrarium,
398 1165 427 1212 et
450 1156 630 1227 dissolutum,
650 1166 680 1215 et
699 1155 864 1226 declinatio,
884 1165 914 1212 et
933 1173 978 1212 re·

187 1250 348 1328 prehensio,
363 1261 392 1309 st
411 1251 592 1323 exclamatio,
611 1261 641 1310 et
660 1251 832 1322 imminutio,
850 1260 879 1309 et
898 1251 977 1326 quod

144 1355 175 1406 1⁰
190 1347 220 1406 in
239 1348 335 1408 multis
355 1349 470 1408 ossibus
489 1349 615 1425 ponitur,
635 1359 666 1406 et
690 1349 775 1424 quod,
788 1347 832 1405 ide
854 1347 978 1424 singulis

188 1446 275 1504 rebus
293 1446 448 1522 propositis
466 1447 595 1518 duorum,
614 1445 734 1504 refertur
755 1445 798 1503 sd.
810 1444 933 1521 singule,
947 1455 978 1502 et

190 1541 226 1600 sd
245 1542 421 1618 propositum
441 1543 573 1619 subjecte
589 1542 673 1615 ratio,
693 1551 722 1598 et
742 1541 811 1600 item
831 1541 861 1599 in
881 1540 978 1599 distri·

190 1637 267 1694 butis
280 1638 426 1713 supposita
438 1637 520 1709 ratio,
534 1647 564 1699 et
576 1637 737 1712 permissio,
751 1647 780 1695 et
793 1655 905 1695 rursum
921 1636 978 1695 olis
1076 1662 1077 1671 ι

188 1731 340 1805 dubitatio,
350 1742 378 1790 et
389 1732 571 1809 improvisum
579 1733 724 1809 quiddam,
733 1743 762 1791 et
772 1728 976 1805 dinumeratio,
1076 1768 1077 1790 ι

144 1826 176 1876 15
190 1836 220 1885 et
235 1827 290 1885 ulia
303 1829 454 1900 norreotio,
469 1838 498 1886 et
512 1829 669 1905 dissipatio,
683 1840 712 1887 et
729 1830 805 1906 quod
825 1830 978 1890 continua-

189 1932 260 1995 tum,
281 1933 313 1981 et
337 1923 535 2000 interruptum,
555 1936 586 1983 et
608 1925 713 2003 imago,
733 1936 763 1986 et
782 1926 838 1983 sibi
858 1926 913 2001 ipsi
932 1944 979 1983 re·

190 2020 314 2097 sponsio,
328 2030 358 2078 et
378 2019 548 2094 immutatio,
569 2032 599 2079 et
618 2022 783 2098 disjunctio,
802 2032 833 2079 et
850 2022 932 2091 ordo.
945 2033 978 2079 et

189 2117 301 2189 relatio,
328 2126 358 2175 et
381 2118 536 2194 degressio,
564 2129 593 2177 et
622 2102 878 2194 circumscriptio.¹
899 2117 978 2177 Hm

190 2212 267 2271 enirn
287 2223 354 2272 sunt
375 2213 443 2286 sere,
459 2224 543 2290 etque
563 2216 665 2273 horum
685 2211 800 2286 similis,
814 2213 873 2290 (vel
892 2214 979 2289 plura

143 2314 176 2365 m
190 2309 277 2367 etiam
301 2328 364 2367 esse
386 2313 519 2389 possunt)
542 2330 605 2385 que
632 2310 781 2374 sententiis
806 2310 978 2381 orationem,

101 2415 104 2419 ’
190 2406 396 2480 verborumque
410 2404 695 2477 conformationibus,
710 2405 879 2464 illuminent

229 2595 290 2655 ΙΝ.
310 2595 387 2675 Qu·
413 2596 527 2673 quidem
554 2608 593 2669 to,
619 2597 734 2671 crans,
761 2598 854 2670 video,
881 2598 977 2674 inquit

190 2690 286 2763 Cotta,
307 2692 384 2774 quod
408 2702 477 2751 note
495 2712 559 2752 esse
578 2693 663 2751 nobis
680 2705 773 2769 putes,
793 2695 857 2753 sine
874 2695 977 2756 defini·

189 2786 316 2846 tionibus
335 2798 364 2847 et
384 2788 446 2858 sine
465 2789 602 2864 exemplis
627 2790 770 2851 effudisse.
812 2790 875 2868 Ego
895 2809 974 2863 vorce,

144 2894 177 2945 ὕ
191 2883 282 2958 inquit
301 2883 432 2957 Crassus,
446 2904 483 2943 ne
503 2884 554 2943 ills
571 2886 779 2961 quidennuo
791 2906 889 2963 suprnt
902 2886 973 2959 dixi,

192 2996 270 3038 novn
279 2979 360 3037 vobis
373 2998 436 3053 esse
451 2980 617 3053 nrbitrnbnr,
631 2983 681 3043 sed
695 2982 833 3047 voluntati
847 2982 974 3048 vsstrr‘nu

191 3073 319 3135 omniunt
340 3074 431 3153 pernis
471 3075 529 3139 His
546 3088 642 3140 nutem
655 3078 850 3142 dorensesot
864 3096 914 3145 ruo
923 3078 975 3145 ius
