2184 3575
155 309 211 370 122
472 321 515 368 nn
539 320 701 371 omuoun
888 320 983 382 mua

197 466 348 546 perpoliri:
381 469 487 546 patitur
517 469 595 528 enim
627 479 657 526 er
689 468 789 545 lingua
818 479 929 542 nostra,
952 478 985 527 et

197 576 299 624 natura
312 584 417 638 rerum,
431 573 555 624 veterem
571 566 647 622 illam
662 565 906 650 excellentemque
918 584 986 641 pru·

197 661 322 720 dentiam
342 663 509 722 Graecorum
525 663 560 719 ad
574 672 702 720 nostrum
720 680 803 719 usum
818 677 984 736 moremque

196 757 359 815 transferri:
380 758 430 814 aed
451 756 615 814 hominibus
634 775 707 830 opua
726 766 770 813 eat
788 755 918 827 eruditis,
931 755 983 830 qui

165 854 300 924 5udhue,
322 853 351 910 iu
372 853 428 910 hou
448 853 563 928 quidem
586 871 701 929 genere,
722 851 812 909 nostri
831 851 903 908 nulii
923 851 984 909 sue-

195 958 278 1006 runt:
299 948 344 1006 siu
358 949 471 1023 quando
491 948 660 1019 exstiterint,
674 947 760 1007 etiam
773 946 884 1004 Grecis
897 955 983 1006 erunt

196 1044 397 1120 anteponendi.
977 1027 980 1032 ¹

235 1236 333 1295 XXV.
364 1237 490 1296 Ornatur
511 1236 598 1314 igitur
617 1235 709 1295 oratio
727 1253 833 1312 genere
846 1235 981 1311 primum,

195 1342 225 1390 et
244 1333 325 1408 quasi
345 1334 442 1390 uulore
462 1334 585 1408 quodam
606 1342 635 1389 et
654 1351 744 1390 aunon
762 1350 832 1388 auo:
852 1351 930 1404 nam,
948 1342 982 1390 ut

150 1441 181 1491 10
195 1429 298 1506 gravis,
320 1430 474 1500 arenaria,
496 1439 527 1486 ut
547 1429 659 1487 erudita
679 1428 725 1499 ait,
746 1438 778 1486 ut
796 1427 932 1500 liberalia,
949 1437 982 1486 ut

157 1589 161 1594 ,
195 1525 379 1596 admirabilis,
413 1535 444 1582 ut
476 1525 575 1600 polita,
602 1532 634 1581 ut
667 1543 777 1594 aeneus,
804 1534 836 1580 ut
867 1523 982 1582 dolores

195 1621 308 1693 habeat,
330 1632 466 1695 quantum
494 1639 566 1696 opua
592 1620 639 1691 sit,
659 1630 781 1678 nonest
802 1619 981 1696 singulorum
1082 1688 1083 1709 ᾖ

194 1716 398 1774 articulorum:
426 1716 454 1773 iu
482 1726 543 1776 totu
570 1725 734 1792 spectantur
761 1715 823 1773 hue
850 1733 979 1792 corpore.

194 1812 233 1871 Ut
247 1830 331 1887 porro
346 1831 499 1888 conspersa
513 1812 550 1869 sit
564 1812 644 1887 quaai
658 1813 807 1870 verborum
828 1811 983 1871 seutentia-

149 1924 179 1973 15
195 1926 314 1983 rumque
329 1908 444 1966 floribus
452 1928 460 1978 ;
482 1908 511 1966 id
526 1926 584 1965 nou
606 1908 691 1966 debet
704 1928 767 1967 esse
781 1909 874 1967 suanm
888 1928 981 1985 equa·
1080 1915 1081 1918 ’

194 2004 287 2061 biliter
301 2022 351 2080 per
369 2023 482 2063 omnem
503 2004 671 2076 orationem,
685 2005 735 2061 sed
750 2005 790 2063 ita
802 2004 979 2077 distinctum,
1079 2005 1080 2008 ’

194 2110 226 2159 ut
245 2100 311 2172 sint,
332 2100 413 2176 quasi
434 2100 463 2158 in
484 2111 597 2172 ornatu,
616 2100 754 2177 disposita
780 2101 909 2176 quaedem
936 2100 981 2159 in·
1078 2171 1079 2186 χ

192 2196 288 2274 signia
299 2207 330 2255 et
341 2198 458 2255 lumina.

231 2294 331 2352 Genua
357 2293 444 2370 igitur
474 2294 590 2352 dicendi
623 2305 668 2353 est
700 2293 874 2371 eligendum,
901 2294 979 2371 quud

146 2401 179 2451 uo
194 2389 314 2447 maxime
340 2399 437 2447 teneat
462 2408 513 2447 eos
538 2391 588 2465 qui
614 2391 740 2461 audiant,
762 2400 791 2447 et
813 2388 890 2465 quod
916 2408 976 2450 uun

192 2484 284 2542 mlum
298 2485 433 2556 delectet,
447 2486 497 2543 sed
511 2486 596 2544 etiam
611 2485 672 2544 aine
686 2486 816 2544 satietate
835 2485 977 2545 delectet:

191 2578 357 2655 (nonenim
372 2599 389 2638 a
402 2600 448 2637 me
459 2580 517 2657 jam
531 2581 691 2657 exspectari
700 2591 781 2657 puto,
791 2592 824 2639 ut
833 2599 976 2654 moneam,

192 2684 224 2733 ut
238 2676 371 2747 carentia,
384 2694 422 2734 ne
435 2676 527 2747 exilia,
541 2695 578 2734 ne
592 2677 702 2735 inculta
714 2677 751 2734 eit
764 2688 857 2735 vestra
871 2677 976 2750 oratio,

142 2790 155 2819 ν
192 2789 229 2828 ne
250 2772 383 2849 vulgaria,
402 2791 440 2830 ne
461 2772 604 2829 obsoleta:
633 2773 710 2830 uliud
729 2774 864 2853 quiddam
883 2771 977 2849 majuu
1071 2815 1072 2822 κ

145 2880 178 2931 au
192 2877 221 2925 et
255 2866 371 2943 ingenia
402 2886 448 2927 me
481 2868 630 2927 hortantur
663 2880 765 2940 vestra,
791 2879 821 2926 et
853 2871 974 2949 aetatea)

190 2962 317 3025 Difficile
337 2963 414 3021 euim
434 2962 514 3021 diutu
534 2973 587 3036 eet,
601 2984 730 3039 quaenam
751 2963 901 3037 censerit,
921 2982 975 3031 eur

188 3076 236 3132 aa,
250 3059 450 3133 qunmaxine
465 3078 567 3143 sennua
585 3071 699 3145 nostroe
717 3059 976 3139 impelluntmlun·
1068 3125 1069 3132 χ
