2184 3575
141 327 200 392 112
462 340 506 390 nn
529 340 691 394 emman.
880 341 973 402 [nm.

187 487 312 559 nannet
330 497 514 564 portuosum
537 498 665 547 oratores
685 497 779 547 autem
800 488 972 548 in'inserum

177 583 244 641 .hoo
270 584 411 656 Tuscum,
436 595 465 644 et
490 585 654 658 barbarum,
681 586 862 660 scopulosum
889 596 973 661 atque

187 679 332 753 infestum,
352 681 525 753 laberentur,
542 682 575 739 in
593 700 650 757 quo
669 678 755 740 etiem
776 682 838 757 ipse
857 682 973 759 Ulyaees

187 778 316 836 errasset
469 835 474 840 .
598 830 600 835 .

155 881 172 930 5
225 873 337 944 Quare,
359 872 383 931 ii
407 871 461 932 hao
484 874 649 949 eloquentia
673 886 756 951 atque
780 875 837 933 hoo
859 886 972 933 oratore

188 969 316 1027 eontenti
336 971 511 1046 sumum-qui
532 972 614 1041 seint,
636 982 684 1030 aut
703 990 811 1049 negare
829 982 971 1047 oportere,

187 1064 262 1142 quod
278 1083 406 1141 arguare,
423 1077 480 1137 aut,
495 1066 519 1124 ei
533 1066 562 1124 id
576 1085 633 1124 non
654 1068 752 1142 possit,
766 1078 827 1125 tum
841 1069 972 1124 ostende·

186 1179 228 1232 re,
249 1160 325 1236 qnod
352 1162 377 1219 ia
403 1162 512 1234 feeerit,
533 1163 797 1238 qni.insimuletm,
819 1174 868 1220 aut
893 1174 971 1220 reete

187 1257 375 1328 sentement
403 1258 519 1316 alterius
545 1259 631 1334 eulpa
658 1269 707 1319 ant
733 1260 846 1335 injuria,
868 1269 917 1318 ent
935 1277 972 1317 ex

140 1363 171 1414 1⁰
186 1352 260 1430 iege,
276 1364 395 1412 autnon
410 1365 510 1412 eontra
524 1355 628 1431 legem,
643 1366 692 1413 aut
705 1355 907 1431 imprudentia,
922 1365 971 1413 ant

186 1449 365 1520 amessiam
385 1460 505 1508 autnon
520 1469 555 1508 eo
568 1451 683 1509 nomine
696 1451 900 1527 usurpandum,
914 1469 970 1528 qno

187 1555 337 1622 argentum
360 1554 408 1604 aut
427 1565 486 1604 non
507 1546 548 1605 ita
563 1551 620 1623 agi,
634 1556 666 1604 ut
679 1546 818 1618 debuerit,
833 1566 869 1607 ao
881 1547 970 1606 lione·

185 1641 239 1713 rit3
260 1652 298 1713 et,
312 1642 337 1700 si
350 1642 419 1700 satie
432 1661 495 1700 enee
514 1642 630 1717 putetis,
644 1661 689 1714 ea,
702 1663 765 1718 que
783 1643 830 1702 inti
852 1644 970 1719 scripto·

185 1755 231 1795 ren
259 1737 326 1795 artie
352 1738 467 1810 donent,
494 1738 607 1798 diaoere
640 1737 718 1815 (qnae
752 1739 841 1805 multo
872 1750 968 1799 tamen

129 1844 170 1895 15
184 1834 321 1907 ornatius,
348 1850 432 1909 quam
459 1836 495 1893 ab
522 1835 579 1893 illis
611 1836 767 1907 dicuntur,
783 1845 812 1894 et
842 1836 967 1909 uberius,

184 1930 336 2006 explicavit
355 1930 530 2009 Antoniun);
553 1931 613 2003 aed,
634 1932 658 1989 ei
678 1931 723 1989 hie
742 1933 870 1991 eontenti
888 1932 968 2005 entia,

185 2008 269 2101 aitque
295 2026 330 2084 iis
355 2028 451 2099 etiam,
476 2046 538 2103 quae
566 2028 625 2085 diei
650 2028 779 2086 voluistis
802 2048 820 2086 a
842 2048 905 2099 me;
932 2048 969 2087 ex

184 2119 295 2197 ingenti
308 2120 429 2196 quodam
450 2132 591 2179 oratorem
612 2120 808 2197 immensoque
821 2140 924 2199 eampo
936 2122 967 2184 in

185 2215 320 2293 exiguum
331 2204 403 2277 ¹sane
416 2236 517 2294 gyrum
531 2217 709 2293 oompellitie.

136 2322 169 2373 Β)
222 2312 276 2372 Sin
293 2322 418 2371 veterem
439 2314 517 2371 illum
538 2313 689 2384 Periclem,
705 2323 753 2372 aut
772 2314 851 2373 huno
870 2315 966 2387 etiam,

184 2408 233 2485 qui
247 2409 412 2469 familiarior
426 2409 509 2467 nobis
521 2420 636 2484 propter
651 2409 821 2484 scriptorum
842 2411 967 2472 multitu·

182 2504 281 2563 dinem
306 2515 360 2575 est,
387 2504 623 2575 Demosthenem,
650 2504 731 2578 aequi
758 2505 852 2577 vultis,
879 2516 917 2576 et,
940 2506 966 2563 ni

184 2598 262 2657 illam
287 2600 452 2675 preclaram
479 2610 508 2657 et
535 2600 667 2659 eximiam
693 2601 820 2673 speeiem
845 2601 966 2659 oratorie

182 2694 302 2771 perfecti
321 2703 349 2753 et
367 2696 608 2772 pulchritudinem
630 2694 798 2764 adementia
820 2706 869 2752 aut
886 2696 966 2753 vobin

136 2792 168 2842 25
183 2790 245 2849 ineo
265 2791 435 2863 Carneadia,
450 2800 498 2849 aut
517 2791 568 2849 iile
586 2790 763 2862 Aristotelia,
776 2790 819 2847 vie
838 2804 966 2867 eompre-

182 2886 404 2947 hendendaest.
444 2886 586 2961 Namque
599 2886 645 2963 (ut
672 2896 737 2945 ante
761 2886 836 2965 dixi)
857 2900 966 2950 veteres

177 2982 233 3055 illi,
247 3002 336 3059 usqne
350 2983 386 3041 ad
403 2985 563 3053 Socratem,
577 3001 691 3041 omnem
711 2982 839 3043 omnium
859 3002 964 3056 remim

181 3088 246 3155 qne
257 3078 295 3139 nd
307 3096 402 3137 moros
422 3078 581 3150 hominnm,
595 3095 659 3155 quae
678 3078 715 3138 ad
734 3078 832 3152 vitam,
844 3099 909 3157 qne
927 3078 965 3145 ed
