2184 3575
152 335 209 396 1oe
472 347 516 395 on
536 347 700 394 ouauour.
887 346 980 407 [um

194 494 275 552 nium
296 494 446 571 variosque
466 515 615 554 sermones
638 494 844 554 immortalitati
867 493 981 571 scriptia

194 592 254 648 suis
273 592 356 650 Plato
379 593 505 665 tradidit,
527 583 594 650 oum
621 593 683 668 ipse
708 593 820 651 literam
846 593 981 650 Socrates

194 687 302 746 nullam
322 687 490 763 reliquisset.
532 688 612 746 Hino
632 688 785 746 discidium
806 688 876 746 illud
896 688 981 746 exsti·

88 811 92 813 ·
194 785 229 842 tit
247 784 327 859 quasi
347 784 452 860 linguae
474 794 557 860 atque
577 785 681 855 oordis,
696 784 848 864 absurdum
862 787 938 842 'sana
951 794 981 842 et

164 880 296 938 5inutile
315 889 345 938 et
364 880 641 955 reprehendendum,
662 890 694 939 ut
714 880 762 939 alii
789 898 843 938 uos
869 899 978 956 sapere,

195 976 242 1033 alii
263 976 360 1034 dicere
380 977 526 1034 docerent.
574 976 661 1047 Nam,
682 995 750 1034 oum
769 987 865 1038 essent
884 976 980 1052 plures

193 1071 249 1128 orti
276 1071 336 1128 lere
364 1090 381 1129 a
407 1073 537 1144 Socrate,
561 1072 649 1146 quod,
674 1091 709 1129 ex
733 1072 809 1129 illius
832 1072 927 1144 variis,
951 1081 980 1130 et

195 1167 322 1238 diversis,
337 1178 366 1225 et
380 1168 409 1224 iu
423 1185 538 1226 omnem
554 1177 663 1243 partem
683 1167 795 1226 diffusis
814 1167 980 1242 disputatio·

194 1263 290 1335 nibus,
312 1263 383 1321 alius
410 1263 487 1322 aliud
511 1264 752 1340 apprehenderat;
779 1263 980 1338 proseminatus

149 1374 180 1422 10
195 1371 261 1418 sunt
288 1361 368 1437 quasi
402 1360 516 1418 familiae
549 1360 750 1417 dissentientes
784 1359 858 1416 inter
883 1378 924 1431 se,
950 1370 980 1417 et

194 1457 315 1516 multum
330 1457 480 1534 disjunotae
494 1467 523 1514 et
537 1457 673 1538 dispares,
688 1475 755 1514 oum
770 1466 866 1514 tamen
879 1474 979 1514 omues
1085 1518 1086 1543 1

194 1573 226 1611 sa
239 1554 400 1629 philosophi
422 1553 587 1611 Socraticos
606 1563 635 1610 et
654 1553 713 1613 dioi
733 1552 847 1624 vellent,
867 1561 897 1610 et
915 1569 979 1610 esse
1085 1550 1086 1553 ’

196 1651 407 1708 arbitrarentur.

233 1842 330 1901 XVII.
361 1842 408 1900 Ao
421 1841 514 1918 primo
532 1843 569 1900 ah
589 1840 651 1919 ipso
671 1842 790 1901 Platone
809 1841 980 1901 Aristoteles

51 2011 55 2019 ¹
149 1954 180 2003 15
193 1949 222 1997 et
245 1938 441 2008 Xenocratem
468 1957 588 2012 quorum
616 1938 687 1995 alter
713 1938 977 2015 Peripatetioorum,

195 2036 265 2094 alter
299 2035 466 2092 Academia
499 2052 604 2092 nomeu
637 2034 778 2092 obtinuit:
811 2034 917 2093 deinde
942 2035 979 2092 ab
1084 2075 1085 2080 κ

193 2132 377 2203 Antisthene,
391 2131 439 2207 qui
453 2131 620 2207 patientiam
641 2142 671 2189 et
684 2130 817 2189 duritiam
832 2130 861 2187 in
876 2131 979 2188 Soura·
1084 2167 1085 2172 κ

194 2230 253 2288 tioo
266 2246 397 2285 sermone
411 2228 533 2285 maxime
552 2227 707 2299 adamdrat,
721 2227 826 2303 Cynici
844 2227 977 2303 primum,

194 2326 299 2383 deinde
326 2324 436 2382 Stoioi:
470 2333 531 2381 tum
559 2324 595 2382 ab
620 2324 777 2399 Aristippo,
805 2342 889 2398 quem
920 2322 977 2381 illas

147 2430 180 2481 20
194 2422 285 2498 magis
304 2420 469 2497 voluptaria
489 2420 697 2495 disputationes
716 2420 902 2492 deleotdrant,
923 2419 978 2495 Gy·

193 2521 312 2575 renaioa
334 2502 675 2594 philosophia'manavit,
694 2534 779 2590 quam
799 2515 847 2573 ille
866 2516 978 2591 atejus

193 2614 299 2690 posteri
326 2613 493 2689 simpliciter
527 2611 725 2682 defenderunt,
758 2610 789 2682 ii,
816 2610 866 2686 qui
898 2630 978 2670 nuno

193 2711 335 2785 voluptate
353 2709 450 2768 omnia
470 2708 636 2778 metiuntur,
650 2706 718 2763 dum
738 2707 927 2766 verecundius
947 2708 978 2766 id
1083 2717 1085 2734 '

135 2795 137 2801 ’
194 2790 292 2883 agunt,
325 2824 381 2864 neo
413 2804 545 2881 dignitati
578 2802 767 2875 satisfaciunt,
800 2821 885 2879 quam
918 2822 976 2863 nou

147 2916 180 2966 m
194 2912 389 2979 aspamantur,
404 2918 460 2959 neo
479 2900 652 2976 voluptatem
671 2909 798 2972 tuentur,
815 2918 899 2976 quam
920 2918 978 2959 am·

192 2998 302 3079 plexari
315 2998 422 3055 volunt.

233 3094 363 3156 Fuerunt
376 3094 462 3153 etiam
477 3092 533 3153 alia
550 3110 656 3172 genera
667 3090 911 3172 philosophorum,
924 3091 976 3170 qui
