2184 3575
119 314 201 375 nn]
404 314 448 363 na
469 315 634 363 carrona
911 303 952 363 59

118 461 261 535 dicemus,
284 460 489 521 haberehunc
513 463 571 521 vim
594 478 767 539 magnopere
789 459 905 533 debent,

118 568 152 615 ut
171 558 208 615 ad
226 576 325 617 eorum
345 570 465 631 mentes,
481 558 556 635 apud
574 576 647 634 quos
667 567 777 635 agetur,
791 576 905 616 movan-

118 654 182 725 das,
195 672 362 730 permanare
375 655 492 729 possint.

160 750 218 807 Sed
245 749 290 808 his
316 750 444 825 partibus
475 748 623 821 orationis,
650 768 713 823 qnae
746 748 799 807 etsi
832 748 903 807 nihil

118 843 226 903 docent
260 844 494 923 argumentando,
520 844 719 921 persuadendo
750 854 846 904 tamen
875 850 934 903 ete

118 942 327 999 commovendo
359 941 514 1017 proficiunt
545 940 710 1016 plurimum,
741 959 918 1016 quanquam·

117 1036 242 1094 maxime
259 1036 390 1111 proprius
403 1047 446 1093 est
460 1036 542 1093 locus
555 1046 585 1093 et
598 1036 627 1094 in
641 1036 816 1094 exordiendo
829 1049 858 1094 et
872 1037 903 1097 in

116 1132 294 1209 perorand03
315 1132 425 1210 digredi
439 1142 535 1193 teman
550 1133 641 1203 abeo,
656 1132 733 1206 quod
750 1151 903 1208 proposue-

118 1227 159 1285 ris
174 1236 258 1301 atque
272 1246 350 1303 agas,
362 1227 619 1301 permovendorum
632 1228 791 1285 animorum
804 1229 902 1299 causd,

120 1340 196 1397 sape
216 1321 285 1379 utile
305 1332 355 1379 est.
397 1322 499 1397 Itaque
513 1322 567 1393 vel,
580 1322 743 1379 narratione
763 1323 900 1397 exposita,
917 1330 948 1381 1⁰

120 1436 196 1493 saepe
210 1416 292 1475 datur
307 1418 342 1475 ad
356 1417 578 1478 commovendos
599 1417 709 1475 animos
722 1418 901 1494 digrediendi

119 1512 218 1582 locn's;
246 1512 289 1570 vel
318 1514 491 1590 argumentis
517 1513 623 1571 nostris
649 1513 834 1585 confirmatis,
857 1513 901 1571 rei

120 1608 271 1666 contrariis
291 1609 430 1681 refutatis,
452 1609 495 1666 vel
516 1619 637 1685 utroque
656 1609 732 1680 loco,
752 1608 796 1666 vel
813 1608 904 1667 orani·

120 1703 183 1775 bus,
204 1703 228 1761 si
249 1704 334 1762 habet
354 1722 417 1761 eam
445 1722 532 1763 causa
559 1704 726 1781 dignitatem
752 1714 836 1780 atque
856 1723 903 1763 co·

120 1801 206 1876 piam,
220 1811 298 1859 recte
321 1801 351 1858 id
374 1801 436 1858 fieri
458 1812 569 1876 potest:
589 1820 686 1875 eaeque
710 1819 804 1859 cauare
824 1811 949 1874 sunt,15

122 1897 157 1954 ad
178 1897 319 1973 agendum
339 1909 368 1954 et
389 1897 423 1954 ad
444 1897 613 1969 ornandum,
627 1897 800 1973 gravissime
817 1907 901 1972 atque

119 1991 300 2069 plenissimae,
322 2011 384 2066 qum
403 1991 541 2067 plurimos
567 1991 659 2048 exitur
685 1992 755 2049 dant
775 1992 809 2049 ad
830 1992 903 2067 ejus-

120 2087 198 2144 modi
212 2086 427 2162 digressionem,
442 2097 473 2144 ut
487 2086 531 2143 his
544 2086 617 2144 locis
630 2086 673 2143 uti
688 2087 785 2158 liceat,
799 2087 904 2163 quibus

122 2182 281 2239 animorum
314 2181 436 2256 impetus
468 2200 578 2254 eorum,
612 2181 659 2255 qui
694 2181 823 2253 audiunt,
855 2191 903 2240 act
938 2195 951 2228 ⁸

120 2277 311 2353 impellantur,
327 2287 376 2334 aut
389 2276 580 2334 reflectantur.
643 2339 647 2346 .
917 2291 950 2343 ω

160 2372 257 2446 Atque
276 2370 364 2428 etiam
384 2370 413 2428 in
434 2370 483 2428 illo
501 2362 679 2447 reprehendo
692 2389 752 2442 eos,
766 2371 824 2448 qni,
838 2392 901 2448 qum

120 2467 238 2528 minime
258 2466 340 2525 firma
358 2477 434 2538 sunt,
448 2485 482 2524 ea
495 2465 588 2542 prima
606 2466 756 2525 collocant.
796 2468 830 2526 In
844 2487 902 2544 quo

121 2563 184 2622 illos
202 2579 316 2638 quoque
336 2580 430 2619 errare
451 2561 582 2633 arbitror,
600 2562 659 2636 qui,
679 2562 837 2639 siquando
858 2562 902 2640 (id

121 2659 197 2736 quod
223 2657 294 2716 mihi
319 2676 464 2734 nunquam
491 2657 614 2737 placuit)
640 2658 736 2734 plures
767 2658 903 2717 adhibent

120 2766 263 2833 patronos,
280 2763 312 2813 ut
332 2754 362 2812 in
380 2771 493 2830 quoque
513 2773 613 2813 eorum
633 2754 782 2812 minimum
802 2764 902 2832 putant
916 2771 949 2822 ω

122 2869 194 2922 casa,
208 2851 248 2909 ita
260 2868 328 2908 eum
346 2850 467 2927 primum
484 2851 584 2909 volunt
604 2849 708 2908 dicere
749 2849 811 2911 Res
824 2851 902 2910 enim

122 2946 178 3005 hoc
197 2945 330 3023 postulat,
350 2955 382 3004 ut
402 2961 501 3004 eorum
520 2946 735 3023 exspectationi,
754 2945 803 3022 qui
824 2947 903 3006 audi·

121 3051 184 3117 unt,
207 3061 291 3121 quam
314 3041 464 3102 celerrime
485 3052 669 3102 occurratur:
699 3040 748 3102 cui
770 3040 795 3101 ai
819 3041 902 3100 initio
