2184 3575
127 327 170 388 to
448 339 493 388 ou
512 339 676 387 onerosa.
877 340 959 399 [nn

176 489 292 565 mando
312 508 330 549 a
348 508 379 549 se
400 498 473 562 acta,
488 489 579 548 multa
598 489 635 549 ab
655 487 718 547 aliis
737 487 844 562 andita,
862 488 961 548 memi-

176 596 289 645 nerunt.
756 579 768 599 ⁴

215 681 316 745 Quare
336 683 472 742 confiteor
492 682 635 758 equidem,
649 682 733 758 hujus
746 681 813 740 boni
828 692 959 739 naturam

176 794 239 836 esse
258 778 428 854 principem,
448 778 525 835 sicut
550 797 649 836 earnm
674 797 779 848 rerum,
800 777 959 852 dequibus

143 881 243 932 brute
262 874 376 932 locutus
398 885 472 946 stim,
495 874 640 931 omnium:
671 874 721 930 sed
745 874 807 931 haec
830 891 875 930 ars
898 883 959 931 tota

176 969 302 1042 dicendi,
315 969 376 1027 sive
397 969 465 1028 artis
485 969 581 1046 imago
601 969 730 1044 quedam
750 979 794 1026 est
813 979 841 1026 et
862 969 959 1026 simili·

175 1065 256 1138 tudo,
279 1065 365 1123 hebet
390 1066 465 1123 hanc
491 1066 559 1137 rim,
580 1084 639 1122 non
665 1074 697 1122 ut
723 1074 813 1122 totum
840 1065 957 1139 aliquid,

175 1161 258 1237 cujus
272 1163 302 1218 in
317 1161 440 1239 ingeniis
460 1161 565 1219 uostris
584 1180 650 1236 pars
668 1161 746 1219 nulla
765 1161 811 1232 sit,
824 1161 916 1237 pariat
928 1170 958 1218 et

173 1268 315 1332 procreet,
337 1275 433 1315 rerum
461 1268 492 1315 ut
516 1275 561 1328 ee,
584 1267 737 1332 quaesunt
762 1266 825 1314 orta
846 1256 904 1333 jam
926 1256 957 1316 in

128 1359 160 1409 10
174 1351 258 1410 nobis
290 1362 320 1410 et
351 1363 511 1429 procreata,
545 1353 649 1410 educet
682 1362 767 1427 atque
800 1352 956 1410 confirmet.

174 1447 379 1508 Verumtamen
398 1466 492 1524 neque
512 1458 570 1506 tam
585 1449 644 1506 ucri
657 1448 796 1506 memorii
810 1448 868 1505 fere
881 1448 958 1522 quie·

174 1561 259 1619 quem
283 1554 335 1616 est,
359 1555 400 1616 ut,
423 1562 482 1602 non
506 1544 651 1620 dispositis
676 1544 838 1618 notatisque
860 1544 955 1616 rebus,

173 1638 302 1698 ordinem
324 1641 470 1698 verborum
492 1649 541 1697 aut
560 1640 765 1697 sententiarum
785 1640 956 1714 complecte-

173 1719 236 1807 tur;
263 1753 356 1811 neque
375 1753 444 1794 vero
459 1746 521 1794 tam
545 1735 651 1807 hebeti,
670 1745 703 1794 ut
722 1735 793 1794 nihil
812 1736 869 1794 hac
888 1755 956 1795 con·

127 1838 159 1889 15
174 1830 325 1889 suetudine
358 1840 389 1887 ct
423 1831 628 1889 exercitatione
666 1832 820 1908 adjuretur.
874 1832 956 1890 Vidit

173 1924 250 1983 enim
263 1924 329 1983 ¹hoc
351 1924 506 2000 prudenter
527 1926 587 1982 sire
608 1926 781 1997 Simonides,
803 1925 862 1983 sire
884 1926 956 1983 nlius

172 2020 237 2097 quis
256 2020 373 2092 invenit,
394 2038 429 2079 ea
448 2019 572 2079 maxime
592 2022 694 2079 animis
716 2022 813 2099 effingi
840 2022 955 2093 nostris,

172 2134 236 2191 que
265 2126 360 2175 essent
388 2136 404 2175 a
430 2136 516 2175 sensu
549 2118 654 2176 tradita
685 2126 769 2194 atque
802 2118 953 2194 impressam

173 2212 344 2271 acerrimum
365 2224 460 2271 autem
480 2232 516 2271 ex
535 2214 669 2273 omnibus
693 2215 799 2272 nostris
824 2214 955 2273 sensibus

125 2318 235 2369 messe
265 2328 380 2367 sensum
406 2308 538 2367 videndi:
572 2329 659 2385 quare
692 2310 827 2371 facillime
859 2310 955 2367 auimo

172 2404 264 2462 teneri
282 2422 366 2481 posse
386 2424 430 2478 ea,
452 2424 514 2481 quae
534 2407 749 2481 perciperentur
770 2407 884 2464 auribus
906 2416 954 2464 aut

172 2499 358 2577 cogitatione,
379 2499 404 2558 si
424 2501 510 2559 etiam
531 2502 680 2558 oculorum
708 2502 954 2559 commendatione

173 2594 275 2653 animis
294 2596 490 2667 traderentur3
513 2607 544 2654 ut
563 2616 609 2653 res
628 2614 729 2665 caecas,
746 2605 775 2653 et
789 2596 824 2653 ab
839 2596 954 2670 adspec

171 2688 218 2747 tris
233 2689 352 2766 'judicio
380 2701 512 2761 remotes,
540 2689 727 2750 conformatio
758 2690 897 2764 quodam,
924 2699 953 2747 et

124 2798 157 2850 25
172 2783 277 2862 imago,
297 2794 327 2843 ct
345 2785 438 2862 figura
464 2784 503 2843 ita
529 2792 650 2855 notaret,
671 2793 703 2841 ut
728 2802 772 2855 ea,
793 2802 855 2860 que
875 2784 954 2861 cogi-

169 2880 259 2938 tando
278 2879 433 2958 complecti
452 2896 511 2939 non
530 2896 689 2956 possemus,
710 2879 848 2939 intuendo
873 2880 954 2959 quasi

170 2984 340 3035 teneremur.
