2184 3575
467 358 510 405 oa
533 358 696 406 carrona.
896 358 986 419 [ara-

193 502 218 561 si
232 503 373 579 equidem,
388 514 449 562 tum
462 524 636 583 magnopere
649 506 757 564 moveri
774 506 897 583 judices,
911 525 980 565 cum

193 600 315 658 excitavi
336 613 467 659 moestum
489 621 523 659 ac
543 602 719 660 sordidatum
740 622 847 672 senem,
862 613 891 661 et
911 621 979 660 cum

193 696 248 755 ista
268 698 333 769 feci,
354 717 416 773 quae
438 708 479 770 tu,
501 699 615 770 Crasse,
635 699 745 771 laudas,
765 718 824 757 non
852 709 921 771 arte,
942 699 982 755 dc

193 796 250 870 qud
270 795 338 870 quid
358 796 457 870 loquar
477 797 587 867 nescio,
602 798 652 853 sed
673 807 752 854 motu
770 816 875 873 magno
890 797 981 855 animi

161 896 178 944 o
195 909 228 948 ac
241 891 349 962 dolore,
365 902 396 948 ut
416 891 607 949 discinderem
627 892 765 964 tunicam,
781 904 811 949 ut
825 892 979 950 cicatrices

193 987 381 1045 ostenderem.
423 988 497 1047 Cum
518 988 552 1045 C.
574 988 685 1046 Marius
705 1007 852 1046 moerorem
873 989 983 1045 oratio-

193 1083 237 1139 nis
265 1102 334 1141 meae
360 1102 485 1159 praesens
513 1104 546 1141 ac
572 1063 676 1142 dedens
699 1086 819 1142 multum
843 1085 979 1161 lacrymis

193 1179 252 1235 suls
274 1179 433 1255 adjuvaret3
462 1199 584 1256 cumque
608 1200 672 1258 ego,
695 1181 774 1237 illum
802 1182 903 1238 crebro
931 1200 980 1257 ap·

192 1274 311 1350 pellans,
326 1276 464 1353 collegam
485 1277 512 1333 ei
533 1296 615 1334 suum
637 1277 876 1348 commendarem,
892 1286 978 1352 atque

146 1378 177 1426 1⁰
193 1370 283 1446 ipsum
312 1373 479 1430 advocatum
505 1373 540 1429 ad
566 1391 747 1429 communem
774 1373 976 1448 imperatorum

192 1468 334 1526 fortunam
349 1470 557 1527 defendendam
571 1470 751 1539 invocarem;
772 1487 831 1525 non
846 1468 899 1526 suit
913 1469 977 1526 haec

191 1564 254 1622 sine
282 1565 353 1622 meis
379 1566 521 1641 lacrymis,
549 1584 607 1625 non
635 1566 697 1621 sine
730 1565 826 1623 dolore
859 1582 975 1641 magno,

191 1662 345 1732 miseratio,
366 1661 550 1736 omniumque
577 1661 704 1719 Deorum
730 1672 758 1718 et
778 1660 925 1718 hominnm
946 1671 976 1718 et

191 1757 297 1815 civium
311 1767 340 1816 et
359 1757 500 1816 sociorum
523 1758 699 1834 imploratio:
721 1758 824 1833 quibus
844 1758 977 1816 omnibus

145 1858 176 1907 15
191 1854 294 1926 verbis,
322 1873 383 1929 quae
412 1874 428 1912 a
454 1873 500 1911 me
526 1865 586 1913 tum
614 1865 680 1911 sunt
709 1854 815 1926 habita,
842 1855 867 1912 si
894 1855 975 1912 dolor

192 1951 328 2008 abluisset
347 1969 437 2020 meus,
458 1964 516 2007 non
538 1951 624 2007 modo
644 1970 703 2008 non
723 1951 902 2021 miserabilis,
923 1951 974 2008 sed

191 2047 277 2104 etiam
304 2047 457 2118 irridenda,
486 2047 584 2104 fuisset
618 2047 709 2105 oratio
740 2066 811 2104 mea.
864 2046 975 2108 Quam·

191 2141 287 2198 obrem
310 2141 365 2197 hoc
385 2160 434 2198 vos
454 2141 556 2212 doceo,
578 2141 698 2216 Sulpici,
713 2141 806 2197 bonus
826 2156 879 2216 ego
898 2139 975 2196 vide-

190 2237 258 2295 licet
291 2248 374 2313 atque
407 2237 535 2294 eruditus
564 2237 707 2313 magister,
735 2247 767 2293 ut
793 2236 823 2293 in
850 2236 974 2293 dicendo

144 2337 175 2388 2⁰
191 2333 285 2405 irasci,
307 2345 338 2390 ut
358 2334 464 2404 dolere,
485 2344 517 2390 ut
537 2333 615 2404 flere,
635 2333 757 2408 possitis.
797 2331 973 2406 Quanquam

191 2429 346 2503 tequidem
368 2429 434 2504 quid
456 2430 512 2486 hoc
531 2429 661 2498 doceam,
678 2429 737 2503 qui,
759 2427 788 2483 in
809 2428 974 2484 accusando

191 2525 280 2582 sodali
301 2537 330 2582 et
350 2539 489 2600 quaestore
510 2544 584 2596 meo,
599 2535 709 2581 tantum
730 2523 896 2579 incendium
914 2542 973 2580 non

191 2622 319 2679 oratione
344 2622 445 2692 solum,
470 2622 519 2678 sed
544 2620 634 2677 multo
660 2619 746 2675 etiam
770 2618 861 2695 magis
885 2619 922 2689 vi,
944 2630 973 2676 et

191 2717 298 2789 dolore,
314 2729 342 2774 et
358 2719 456 2774 ardore
478 2717 565 2774 animi
587 2714 756 2783 concinitas,
772 2725 803 2771 ut
823 2733 877 2790 ego
895 2715 929 2771 ad
944 2715 973 2771 id

144 2827 176 2878 25
190 2814 424 2890 restinguendum
444 2815 490 2871 vix
510 2830 629 2869 conarer
651 2809 808 2867 accederel
858 2809 975 2867 Habue-

191 2927 237 2965 ras
257 2909 334 2965 enim
354 2919 412 2965 tum
434 2908 530 2964 omnia
551 2907 579 2962 in
601 2905 688 2962 causti
715 2903 878 2979 superiora:
905 2905 973 2976 vim,

193 3003 298 3081 fugam,
319 3005 531 3080 lapidationem,
556 3000 753 3059 crudelitatem
780 3001 972 3070 tribuniciam,

193 3100 225 3162 in
243 3101 386 3177 Caepionis
412 3100 490 3178 gravi
514 3097 725 3172 miserabilique
745 3116 825 3170 casu,
845 3097 876 3156 in
899 3096 979 3175 jndi-
