<?xml version="1.0" encoding="UTF-8"?>
<!DOCTYPE html PUBLIC "-//W3C//DTD XHTML 1.0 Transitional//EN"
    "http://www.w3.org/TR/xhtml1/DTD/xhtml1-transitional.dtd">
<html xmlns="http://www.w3.org/1999/xhtml" xml:lang="en" lang="en">
 <head>
  <title>
</title>
<meta http-equiv="Content-Type" content="text/html;charset=utf-8" />
  <meta name='ocr-system' content='tesseract 3.04.00' />
  <meta name='ocr-capabilities' content='ocr_page ocr_carea ocr_par ocr_line ocrx_word'/>
</head>
<body>
  <div class='ocr_page' id='page_1' title='image "./mtciceronisadqu02dillgoog_0155.png"; bbox 0 0 2184 3575; ppageno 0'>
   <div class='ocr_carea' id='block_1_1' title="bbox 140 307 971 388">
    <p class='ocr_par' dir='ltr' id='par_1_1' title="bbox 140 307 971 388">
     <span class='ocr_line' id='line_1_1' title="bbox 140 307 971 388; baseline -0.004 -13"><span class='ocrx_word' id='word_1_1' title='bbox 140 319 231 388; x_wconf 70' lang='lat' dir='ltr'>nm]</span> <span class='ocrx_word' id='word_1_2' title='bbox 420 323 463 374; x_wconf 83' lang='lat' dir='ltr'>nu</span> <span class='ocrx_word' id='word_1_3' title='bbox 485 325 648 374; x_wconf 77' lang='lat' dir='ltr'>ommes.</span> <span class='ocrx_word' id='word_1_4' title='bbox 915 307 971 372; x_wconf 80' lang='lat'>14&#39;9</span> 
     </span>
    </p>
   </div>
   <div class='ocr_carea' id='block_1_2' title="bbox 138 471 979 1897">
    <p class='ocr_par' dir='ltr' id='par_1_2' title="bbox 138 471 979 1897">
     <span class='ocr_line' id='line_1_2' title="bbox 140 471 925 554; baseline -0.003 -20"><span class='ocrx_word' id='word_1_5' title='bbox 140 471 278 547; x_wconf 81' lang='lat' dir='ltr'>dixerim3</span> <span class='ocrx_word' id='word_1_6' title='bbox 301 476 474 554; x_wconf 69' lang='lat' dir='ltr'>Charybdim</span> <span class='ocrx_word' id='word_1_7' title='bbox 487 477 628 547; x_wconf 74' lang='lat' dir='ltr'>domm,</span> <span class='ocrx_word' id='word_1_8' title='bbox 642 477 803 551; x_wconf 73' lang='lat' dir='ltr'>voraginem</span> <span class='ocrx_word' id='word_1_9' title='bbox 815 474 925 551; x_wconf 83' lang='lat' dir='ltr'>potius:</span> 
     </span>
     <span class='ocr_line' id='line_1_3' title="bbox 139 572 926 648; baseline -0.004 -16"><span class='ocrx_word' id='word_1_10' title='bbox 139 574 255 632; x_wconf 73' lang='lat' dir='ltr'>facilius</span> <span class='ocrx_word' id='word_1_11' title='bbox 275 573 351 631; x_wconf 90' lang='lat' dir='ltr'>enim</span> <span class='ocrx_word' id='word_1_12' title='bbox 373 575 407 632; x_wconf 88' lang='lat' dir='ltr'>ad</span> <span class='ocrx_word' id='word_1_13' title='bbox 421 593 456 632; x_wconf 90' lang='lat' dir='ltr'>ea</span> <span class='ocrx_word' id='word_1_14' title='bbox 470 589 533 647; x_wconf 78' lang='lat' dir='ltr'>qum</span> <span class='ocrx_word' id='word_1_15' title='bbox 546 575 616 644; x_wconf 84' lang='lat' dir='ltr'>risa,</span> <span class='ocrx_word' id='word_1_16' title='bbox 630 591 716 648; x_wconf 89' lang='lat' dir='ltr'>quam</span> <span class='ocrx_word' id='word_1_17' title='bbox 737 574 773 630; x_wconf 92' lang='lat' dir='ltr'>ad</span> <span class='ocrx_word' id='word_1_18' title='bbox 795 572 844 629; x_wconf 89' lang='lat' dir='ltr'>illa</span> <span class='ocrx_word' id='word_1_19' title='bbox 864 591 926 646; x_wconf 80' lang='lat' dir='ltr'>ques</span> 
     </span>
     <span class='ocr_line' id='line_1_4' title="bbox 140 669 928 744; baseline -0.004 -16"><span class='ocrx_word' id='word_1_20' title='bbox 140 671 240 728; x_wconf 88' lang='lat' dir='ltr'>audita</span> <span class='ocrx_word' id='word_1_21' title='bbox 253 679 327 741; x_wconf 86' lang='lat' dir='ltr'>sunt,</span> <span class='ocrx_word' id='word_1_22' title='bbox 341 670 446 728; x_wconf 85' lang='lat' dir='ltr'>mentis</span> <span class='ocrx_word' id='word_1_23' title='bbox 459 671 536 728; x_wconf 85' lang='lat' dir='ltr'>oeuli</span> <span class='ocrx_word' id='word_1_24' title='bbox 549 671 688 727; x_wconf 75' lang='lat' dir='ltr'>seruntur.</span> <span class='ocrx_word' id='word_1_25' title='bbox 730 669 779 740; x_wconf 91' lang='lat' dir='ltr'>Et,</span> <span class='ocrx_word' id='word_1_26' title='bbox 793 669 928 744; x_wconf 88' lang='lat' dir='ltr'>qnoniam</span> 
     </span>
     <span class='ocr_line' id='line_1_5' title="bbox 140 764 929 835; baseline -0.004 -12"><span class='ocrx_word' id='word_1_27' title='bbox 140 767 205 824; x_wconf 78' lang='lat' dir='ltr'>liaeo</span> <span class='ocrx_word' id='word_1_28' title='bbox 219 767 262 823; x_wconf 85' lang='lat' dir='ltr'>vel</span> <span class='ocrx_word' id='word_1_29' title='bbox 277 785 388 824; x_wconf 87' lang='lat' dir='ltr'>summa</span> <span class='ocrx_word' id='word_1_30' title='bbox 408 766 470 824; x_wconf 84' lang='lat' dir='ltr'>laus</span> <span class='ocrx_word' id='word_1_31' title='bbox 487 776 533 822; x_wconf 85' lang='lat' dir='ltr'>est</span> <span class='ocrx_word' id='word_1_32' title='bbox 553 767 647 823; x_wconf 88' lang='lat' dir='ltr'>verbis</span> <span class='ocrx_word' id='word_1_33' title='bbox 667 764 881 835; x_wconf 79' lang='lat' dir='ltr'>transferendis,</span> <span class='ocrx_word' id='word_1_34' title='bbox 897 774 929 821; x_wconf 94' lang='lat' dir='ltr'>ut</span> 
     </span>
     <span class='ocr_line' id='line_1_6' title="bbox 138 859 959 938; baseline -0.004 -18"><span class='ocrx_word' id='word_1_35' title='bbox 138 881 257 920; x_wconf 77' lang='lat' dir='ltr'>sensum</span> <span class='ocrx_word' id='word_1_36' title='bbox 278 863 360 919; x_wconf 84' lang='lat' dir='ltr'>feriat</span> <span class='ocrx_word' id='word_1_37' title='bbox 379 863 418 933; x_wconf 88' lang='lat' dir='ltr'>id,</span> <span class='ocrx_word' id='word_1_38' title='bbox 432 862 509 937; x_wconf 86' lang='lat' dir='ltr'>quod</span> <span class='ocrx_word' id='word_1_39' title='bbox 530 862 698 920; x_wconf 84' lang='lat' dir='ltr'>translatum</span> <span class='ocrx_word' id='word_1_40' title='bbox 719 863 771 932; x_wconf 89' lang='lat' dir='ltr'>sit;</span> <span class='ocrx_word' id='word_1_41' title='bbox 793 859 959 938; x_wconf 64' lang='lat' dir='ltr'>fugiendalt</span> 
     </span>
     <span class='ocr_line' id='line_1_7' title="bbox 142 956 930 1032; baseline -0.003 -19"><span class='ocrx_word' id='word_1_42' title='bbox 142 967 186 1014; x_wconf 84' lang='lat' dir='ltr'>est</span> <span class='ocrx_word' id='word_1_43' title='bbox 200 956 295 1022; x_wconf 86' lang='lat' dir='ltr'>omnis</span> <span class='ocrx_word' id='word_1_44' title='bbox 307 956 451 1032; x_wconf 84' lang='lat' dir='ltr'>turpitudo</span> <span class='ocrx_word' id='word_1_45' title='bbox 465 975 563 1014; x_wconf 86' lang='lat' dir='ltr'>eurum</span> <span class='ocrx_word' id='word_1_46' title='bbox 577 975 682 1027; x_wconf 88' lang='lat' dir='ltr'>rerum,</span> <span class='ocrx_word' id='word_1_47' title='bbox 697 957 731 1013; x_wconf 88' lang='lat' dir='ltr'>ad</span> <span class='ocrx_word' id='word_1_48' title='bbox 746 975 817 1031; x_wconf 87' lang='lat' dir='ltr'>quas</span> <span class='ocrx_word' id='word_1_49' title='bbox 830 975 930 1014; x_wconf 90' lang='lat' dir='ltr'>eorum</span> 
     </span>
     <span class='ocr_line' id='line_1_8' title="bbox 144 1050 930 1125; baseline -0.003 -16"><span class='ocrx_word' id='word_1_50' title='bbox 144 1051 263 1123; x_wconf 86' lang='lat' dir='ltr'>animos,</span> <span class='ocrx_word' id='word_1_51' title='bbox 285 1052 334 1125; x_wconf 91' lang='lat' dir='ltr'>qui</span> <span class='ocrx_word' id='word_1_52' title='bbox 362 1051 490 1123; x_wconf 86' lang='lat' dir='ltr'>audiunt,</span> <span class='ocrx_word' id='word_1_53' title='bbox 512 1052 605 1110; x_wconf 86' lang='lat' dir='ltr'>trahet</span> <span class='ocrx_word' id='word_1_54' title='bbox 632 1052 797 1110; x_wconf 76' lang='lat' dir='ltr'>similitudo.</span> <span class='ocrx_word' id='word_1_55' title='bbox 851 1050 930 1108; x_wconf 92' lang='lat' dir='ltr'>Nolo</span> 
     </span>
     <span class='ocr_line' id='line_1_9' title="bbox 144 1145 931 1222; baseline 0.001 -21"><span class='ocrx_word' id='word_1_56' title='bbox 144 1156 236 1202; x_wconf 86' lang='lat' dir='ltr'>morte</span> <span class='ocrx_word' id='word_1_57' title='bbox 260 1145 322 1203; x_wconf 86' lang='lat' dir='ltr'>diei</span> <span class='ocrx_word' id='word_1_58' title='bbox 349 1145 663 1203; x_wconf 77' lang='lat' dir='ltr'>Africani&#39;eostrotam</span> <span class='ocrx_word' id='word_1_59' title='bbox 690 1166 752 1203; x_wconf 86' lang='lat' dir='ltr'>esse</span> <span class='ocrx_word' id='word_1_60' title='bbox 779 1145 931 1222; x_wconf 90' lang='lat' dir='ltr'>rempubli-</span> 
     </span>
     <span class='ocr_line' id='line_1_10' title="bbox 144 1238 931 1314; baseline 0.001 -19"><span class='ocrx_word' id='word_1_61' title='bbox 144 1257 226 1296; x_wconf 85' lang='lat' dir='ltr'>oam:</span> <span class='ocrx_word' id='word_1_62' title='bbox 247 1239 315 1296; x_wconf 92' lang='lat' dir='ltr'>nolo</span> <span class='ocrx_word' id='word_1_63' title='bbox 335 1247 440 1297; x_wconf 81' lang='lat' dir='ltr'>stereus</span> <span class='ocrx_word' id='word_1_64' title='bbox 461 1241 546 1296; x_wconf 77' lang='lat' dir='ltr'>curie</span> <span class='ocrx_word' id='word_1_65' title='bbox 567 1238 625 1297; x_wconf 86' lang='lat' dir='ltr'>diei</span> <span class='ocrx_word' id='word_1_66' title='bbox 645 1239 813 1297; x_wconf 80' lang='lat' dir='ltr'>Glauciam:</span> <span class='ocrx_word' id='word_1_67' title='bbox 834 1258 931 1314; x_wconf 90' lang='lat' dir='ltr'>quam-</span> 
     </span>
     <span class='ocr_line' id='line_1_11' title="bbox 145 1335 977 1410; baseline -0.005 -18"><span class='ocrx_word' id='word_1_68' title='bbox 145 1335 188 1392; x_wconf 88' lang='lat' dir='ltr'>vis</span> <span class='ocrx_word' id='word_1_69' title='bbox 214 1335 251 1392; x_wconf 92' lang='lat' dir='ltr'>sit</span> <span class='ocrx_word' id='word_1_70' title='bbox 278 1335 380 1407; x_wconf 85' lang='lat' dir='ltr'>simile,</span> <span class='ocrx_word' id='word_1_71' title='bbox 404 1346 500 1393; x_wconf 84' lang='lat' dir='ltr'>tamen</span> <span class='ocrx_word' id='word_1_72' title='bbox 525 1348 568 1393; x_wconf 89' lang='lat' dir='ltr'>est</span> <span class='ocrx_word' id='word_1_73' title='bbox 594 1336 625 1393; x_wconf 90' lang='lat' dir='ltr'>iu</span> <span class='ocrx_word' id='word_1_74' title='bbox 651 1347 773 1410; x_wconf 87' lang='lat' dir='ltr'>utroque</span> <span class='ocrx_word' id='word_1_75' title='bbox 796 1336 931 1392; x_wconf 82' lang='lat' dir='ltr'>deformis</span> <span class='ocrx_word' id='word_1_76' title='bbox 947 1340 977 1388; x_wconf 88' lang='lat'>10</span> 
     </span>
     <span class='ocr_line' id='line_1_12' title="bbox 145 1431 933 1508; baseline 0 -20"><span class='ocrx_word' id='word_1_77' title='bbox 145 1431 284 1508; x_wconf 75' lang='lat' dir='ltr'>cogitatio</span> <span class='ocrx_word' id='word_1_78' title='bbox 311 1431 513 1490; x_wconf 82' lang='lat' dir='ltr'>similitudinis.</span> <span class='ocrx_word' id='word_1_79' title='bbox 570 1432 649 1489; x_wconf 93' lang='lat' dir='ltr'>Nolo</span> <span class='ocrx_word' id='word_1_80' title='bbox 676 1451 738 1488; x_wconf 88' lang='lat' dir='ltr'>esse</span> <span class='ocrx_word' id='word_1_81' title='bbox 766 1441 815 1488; x_wconf 89' lang='lat' dir='ltr'>aut</span> <span class='ocrx_word' id='word_1_82' title='bbox 841 1432 933 1507; x_wconf 82' lang='lat' dir='ltr'>majus</span> 
     </span>
     <span class='ocr_line' id='line_1_13' title="bbox 143 1528 933 1605; baseline 0.001 -21"><span class='ocrx_word' id='word_1_83' title='bbox 143 1546 229 1602; x_wconf 90' lang='lat' dir='ltr'>quam</span> <span class='ocrx_word' id='word_1_84' title='bbox 245 1545 290 1584; x_wconf 88' lang='lat' dir='ltr'>res</span> <span class='ocrx_word' id='word_1_85' title='bbox 305 1529 439 1604; x_wconf 82' lang='lat' dir='ltr'>postulet,</span> <span class='ocrx_word' id='word_1_86' title='bbox 460 1529 619 1605; x_wconf 76' lang='lat' dir='ltr'>Tempestas</span> <span class='ocrx_word' id='word_1_87' title='bbox 641 1528 862 1591; x_wconf 71' lang='lat' dir='ltr'>comissationis:</span> <span class='ocrx_word' id='word_1_88' title='bbox 884 1538 933 1585; x_wconf 90' lang='lat' dir='ltr'>aut</span> 
     </span>
     <span class='ocr_line' id='line_1_14' title="bbox 144 1623 934 1701; baseline 0 -20"><span class='ocrx_word' id='word_1_89' title='bbox 144 1623 251 1696; x_wconf 85' lang='lat' dir='ltr'>minus,</span> <span class='ocrx_word' id='word_1_90' title='bbox 274 1625 440 1684; x_wconf 76' lang='lat' dir='ltr'>Comissatio</span> <span class='ocrx_word' id='word_1_91' title='bbox 459 1627 638 1701; x_wconf 72' lang='lat' dir='ltr'>tenmestntis.</span> <span class='ocrx_word' id='word_1_92' title='bbox 692 1625 770 1682; x_wconf 92' lang='lat' dir='ltr'>Nolo</span> <span class='ocrx_word' id='word_1_93' title='bbox 789 1643 853 1680; x_wconf 84' lang='lat' dir='ltr'>esse</span> <span class='ocrx_word' id='word_1_94' title='bbox 873 1643 934 1682; x_wconf 87' lang='lat' dir='ltr'>rer·</span> 
     </span>
     <span class='ocr_line' id='line_1_15' title="bbox 146 1720 932 1799; baseline 0.001 -22"><span class='ocrx_word' id='word_1_95' title='bbox 146 1720 214 1777; x_wconf 93' lang='lat' dir='ltr'>bum</span> <span class='ocrx_word' id='word_1_96' title='bbox 243 1721 390 1799; x_wconf 87' lang='lat' dir='ltr'>angustius</span> <span class='ocrx_word' id='word_1_97' title='bbox 416 1722 445 1779; x_wconf 93' lang='lat' dir='ltr'>id</span> <span class='ocrx_word' id='word_1_98' title='bbox 472 1722 550 1798; x_wconf 87' lang='lat' dir='ltr'>quod</span> <span class='ocrx_word' id='word_1_99' title='bbox 576 1723 743 1780; x_wconf 87' lang='lat' dir='ltr'>translatum</span> <span class='ocrx_word' id='word_1_100' title='bbox 774 1721 821 1795; x_wconf 89' lang='lat' dir='ltr'>sit,</span> <span class='ocrx_word' id='word_1_101' title='bbox 848 1740 932 1799; x_wconf 89' lang='lat' dir='ltr'>quam</span> 
     </span>
     <span class='ocr_line' id='line_1_16' title="bbox 146 1816 979 1897; baseline 0.001 -23"><span class='ocrx_word' id='word_1_102' title='bbox 146 1816 246 1877; x_wconf 86' lang='lat' dir='ltr'>suisset</span> <span class='ocrx_word' id='word_1_103' title='bbox 260 1818 330 1876; x_wconf 92' lang='lat' dir='ltr'>illud</span> <span class='ocrx_word' id='word_1_104' title='bbox 343 1819 487 1897; x_wconf 86' lang='lat' dir='ltr'>proprium</span> <span class='ocrx_word' id='word_1_105' title='bbox 505 1839 652 1881; x_wconf 75' lang='lat' dir='ltr'>ausuum:</span> <span class='ocrx_word' id='word_1_106' title='bbox 948 1826 979 1875; x_wconf 85' lang='lat'>15</span> 
     </span>
    </p>
   </div>
   <div class='ocr_carea' id='block_1_3' title="bbox 201 1964 879 2028">
    <p class='ocr_par' dir='ltr' id='par_1_3' title="bbox 201 1964 879 2028">
     <span class='ocr_line' id='line_1_17' title="bbox 201 1964 879 2028; baseline 0.006 -17"><span class='ocrx_word' id='word_1_107' title='bbox 201 1964 353 2022; x_wconf 77' lang='lat' dir='ltr'>“Quidnam</span> <span class='ocrx_word' id='word_1_108' title='bbox 363 1970 410 2026; x_wconf 87' lang='lat' dir='ltr'>est,</span> <span class='ocrx_word' id='word_1_109' title='bbox 420 1964 537 2013; x_wconf 88' lang='lat' dir='ltr'>obsecro?</span> <span class='ocrx_word' id='word_1_110' title='bbox 555 1965 613 2028; x_wconf 86' lang='lat' dir='ltr'>quid</span> <span class='ocrx_word' id='word_1_111' title='bbox 623 1972 648 2014; x_wconf 85' lang='lat' dir='ltr'>te</span> <span class='ocrx_word' id='word_1_112' title='bbox 660 1966 721 2014; x_wconf 84' lang='lat' dir='ltr'>adiri</span> <span class='ocrx_word' id='word_1_113' title='bbox 732 1966 854 2015; x_wconf 78' lang='lat' dir='ltr'>abnutas?</span> <span class='ocrx_word' id='word_1_114' title='bbox 863 1968 879 1987; x_wconf 87' lang='lat'>’&#39;</span> 
     </span>
    </p>
   </div>
   <div class='ocr_carea' id='block_1_4' title="bbox 146 2106 933 2275">
    <p class='ocr_par' dir='ltr' id='par_1_4' title="bbox 146 2106 933 2275">
     <span class='ocr_line' id='line_1_18' title="bbox 146 2106 933 2186; baseline 0.006 -24"><span class='ocrx_word' id='word_1_115' title='bbox 146 2106 250 2163; x_wconf 88' lang='lat' dir='ltr'>melius</span> <span class='ocrx_word' id='word_1_116' title='bbox 263 2118 349 2180; x_wconf 87' lang='lat' dir='ltr'>esset,</span> <span class='ocrx_word' id='word_1_117' title='bbox 363 2116 451 2181; x_wconf 84' lang='lat' dir='ltr'>vetas,</span> <span class='ocrx_word' id='word_1_118' title='bbox 463 2108 605 2185; x_wconf 75' lang='lat' dir='ltr'>prohibes,</span> <span class='ocrx_word' id='word_1_119' title='bbox 616 2109 774 2170; x_wconf 69' lang='lat' dir='ltr'>abstersae.-</span> <span class='ocrx_word' id='word_1_120' title='bbox 797 2109 933 2186; x_wconf 82' lang='lat' dir='ltr'>quoniam</span> 
     </span>
     <span class='ocr_line' id='line_1_19' title="bbox 147 2200 328 2275; baseline 0.011 -17"><span class='ocrx_word' id='word_1_121' title='bbox 147 2200 195 2259; x_wconf 88' lang='lat' dir='ltr'>ille</span> <span class='ocrx_word' id='word_1_122' title='bbox 209 2201 328 2275; x_wconf 83' lang='lat' dir='ltr'>dixerat,</span> 
     </span>
    </p>
   </div>
   <div class='ocr_carea' id='block_1_5' title="bbox 174 2344 959 2416">
    <p class='ocr_par' dir='ltr' id='par_1_5' title="bbox 174 2344 959 2416">
     <span class='ocr_line' id='line_1_20' title="bbox 174 2344 959 2416; baseline 0.003 -19"><span class='ocrx_word' id='word_1_123' title='bbox 174 2350 190 2379; x_wconf 88' lang='lat'><strong><em>“</em></strong></span> <span class='ocrx_word' id='word_1_124' title='bbox 199 2347 269 2397; x_wconf 86' lang='lat' dir='ltr'>lllioo</span> <span class='ocrx_word' id='word_1_125' title='bbox 280 2348 344 2412; x_wconf 82' lang='lat' dir='ltr'>istie,</span> <span class='ocrx_word' id='word_1_126' title='bbox 355 2364 387 2398; x_wconf 90' lang='lat' dir='ltr'>ns</span> <span class='ocrx_word' id='word_1_127' title='bbox 397 2350 513 2416; x_wconf 78' lang='lat' dir='ltr'>contagio</span> <span class='ocrx_word' id='word_1_128' title='bbox 524 2367 580 2399; x_wconf 81' lang='lat' dir='ltr'>mea</span> <span class='ocrx_word' id='word_1_129' title='bbox 589 2350 669 2415; x_wconf 90' lang='lat' dir='ltr'>bonis,</span> <span class='ocrx_word' id='word_1_130' title='bbox 680 2352 807 2414; x_wconf 84' lang='lat' dir='ltr'>umbrave,</span> <span class='ocrx_word' id='word_1_131' title='bbox 818 2350 907 2399; x_wconf 84' lang='lat' dir='ltr'>obsit.”</span> <span class='ocrx_word' id='word_1_132' title='bbox 954 2344 959 2382; x_wconf 73' lang='grc' dir='ltr'>ἶ</span> 
     </span>
    </p>
   </div>
   <div class='ocr_carea' id='block_1_6' title="bbox 140 2476 979 3147">
    <p class='ocr_par' dir='ltr' id='par_1_6' title="bbox 140 2476 979 3147">
     <span class='ocr_line' id='line_1_21' title="bbox 152 2476 979 2572; baseline -0.002 -20"><span class='ocrx_word' id='word_1_133' title='bbox 152 2554 155 2563; x_wconf 72' lang='grc'><em>,</em></span> <span class='ocrx_word' id='word_1_134' title='bbox 186 2492 283 2568; x_wconf 83' lang='lat' dir='ltr'>Atque</span> <span class='ocrx_word' id='word_1_135' title='bbox 317 2476 413 2567; x_wconf 86' lang='lat' dir='ltr'>etiam,</span> <span class='ocrx_word' id='word_1_136' title='bbox 440 2495 464 2552; x_wconf 84' lang='lat' dir='ltr'>si</span> <span class='ocrx_word' id='word_1_137' title='bbox 495 2514 619 2567; x_wconf 81' lang='lat' dir='ltr'>vereare,</span> <span class='ocrx_word' id='word_1_138' title='bbox 647 2516 685 2555; x_wconf 85' lang='lat' dir='ltr'>ns</span> <span class='ocrx_word' id='word_1_139' title='bbox 715 2497 802 2572; x_wconf 87' lang='lat' dir='ltr'>paulo</span> <span class='ocrx_word' id='word_1_140' title='bbox 835 2497 933 2556; x_wconf 86' lang='lat' dir='ltr'>durior</span> <span class='ocrx_word' id='word_1_141' title='bbox 947 2500 979 2550; x_wconf 75' lang='lat'>20</span> 
     </span>
     <span class='ocr_line' id='line_1_22' title="bbox 146 2589 933 2669; baseline 0.006 -23"><span class='ocrx_word' id='word_1_142' title='bbox 146 2589 294 2647; x_wconf 88' lang='lat' dir='ltr'>translatio</span> <span class='ocrx_word' id='word_1_143' title='bbox 309 2610 371 2648; x_wconf 85' lang='lat' dir='ltr'>esse</span> <span class='ocrx_word' id='word_1_144' title='bbox 385 2592 522 2663; x_wconf 85' lang='lat' dir='ltr'>videatur,</span> <span class='ocrx_word' id='word_1_145' title='bbox 538 2593 693 2654; x_wconf 88' lang='lat' dir='ltr'>mollienda</span> <span class='ocrx_word' id='word_1_146' title='bbox 712 2606 766 2666; x_wconf 85' lang='lat' dir='ltr'>est,</span> <span class='ocrx_word' id='word_1_147' title='bbox 780 2594 933 2669; x_wconf 77' lang='lat' dir='ltr'>praeposito</span> 
     </span>
     <span class='ocr_line' id='line_1_23' title="bbox 145 2678 932 2763; baseline 0.006 -19"><span class='ocrx_word' id='word_1_148' title='bbox 145 2704 221 2763; x_wconf 81' lang='lat' dir='ltr'>saepe</span> <span class='ocrx_word' id='word_1_149' title='bbox 247 2689 351 2747; x_wconf 87' lang='lat' dir='ltr'>verbo:</span> <span class='ocrx_word' id='word_1_150' title='bbox 385 2699 417 2763; x_wconf 87' lang='lat' dir='ltr'>ut</span> <span class='ocrx_word' id='word_1_151' title='bbox 443 2689 467 2747; x_wconf 89' lang='lat' dir='ltr'>si</span> <span class='ocrx_word' id='word_1_152' title='bbox 494 2678 573 2761; x_wconf 90' lang='lat' dir='ltr'>olim,</span> <span class='ocrx_word' id='word_1_153' title='bbox 601 2688 643 2749; x_wconf 88' lang='lat' dir='ltr'>M.</span> <span class='ocrx_word' id='word_1_154' title='bbox 671 2690 783 2747; x_wconf 87' lang='lat' dir='ltr'>Catone</span> <span class='ocrx_word' id='word_1_155' title='bbox 810 2701 932 2761; x_wconf 80' lang='lat' dir='ltr'>mortuo,</span> 
     </span>
     <span class='ocr_line' id='line_1_24' title="bbox 140 2784 933 2861; baseline 0.005 -22"><span class='ocrx_word' id='word_1_156' title='bbox 140 2784 284 2859; x_wconf 75' lang='lat' dir='ltr'>pupillum</span> <span class='ocrx_word' id='word_1_157' title='bbox 303 2795 432 2843; x_wconf 85' lang='lat' dir='ltr'>senatum</span> <span class='ocrx_word' id='word_1_158' title='bbox 458 2786 520 2860; x_wconf 88' lang='lat' dir='ltr'>quis</span> <span class='ocrx_word' id='word_1_159' title='bbox 548 2785 680 2846; x_wconf 86' lang='lat' dir='ltr'>relictum</span> <span class='ocrx_word' id='word_1_160' title='bbox 706 2786 826 2856; x_wconf 88' lang='lat' dir='ltr'>diceret,</span> <span class='ocrx_word' id='word_1_161' title='bbox 846 2786 933 2861; x_wconf 85' lang='lat' dir='ltr'>paulo</span> 
     </span>
     <span class='ocr_line' id='line_1_25' title="bbox 147 2877 932 2958; baseline 0.008 -25"><span class='ocrx_word' id='word_1_162' title='bbox 147 2877 261 2951; x_wconf 83' lang='lat' dir='ltr'>durius;</span> <span class='ocrx_word' id='word_1_163' title='bbox 291 2880 345 2952; x_wconf 91' lang='lat' dir='ltr'>sin,</span> <span class='ocrx_word' id='word_1_164' title='bbox 365 2889 398 2938; x_wconf 83' lang='lat' dir='ltr'>ut</span> <span class='ocrx_word' id='word_1_165' title='bbox 424 2882 468 2939; x_wconf 81' lang='lat' dir='ltr'>ite</span> <span class='ocrx_word' id='word_1_166' title='bbox 494 2883 597 2957; x_wconf 79' lang='lat' dir='ltr'>dicem,</span> <span class='ocrx_word' id='word_1_167' title='bbox 612 2882 765 2958; x_wconf 80' lang='lat' dir='ltr'>pupillum,</span> <span class='ocrx_word' id='word_1_168' title='bbox 787 2882 932 2957; x_wconf 83' lang='lat' dir='ltr'>aliquanto</span> 
     </span>
     <span class='ocr_line' id='line_1_26' title="bbox 146 2974 977 3049; baseline 0.006 -19"><span class='ocrx_word' id='word_1_169' title='bbox 146 2974 252 3033; x_wconf 87' lang='lat' dir='ltr'>mitius.</span> <span class='ocrx_word' id='word_1_170' title='bbox 293 2976 407 3034; x_wconf 87' lang='lat' dir='ltr'>Etenim</span> <span class='ocrx_word' id='word_1_171' title='bbox 422 2978 585 3036; x_wconf 83' lang='lat' dir='ltr'>verecunda</span> <span class='ocrx_word' id='word_1_172' title='bbox 600 2978 685 3035; x_wconf 87' lang='lat' dir='ltr'>debet</span> <span class='ocrx_word' id='word_1_173' title='bbox 698 2996 760 3035; x_wconf 86' lang='lat' dir='ltr'>esse</span> <span class='ocrx_word' id='word_1_174' title='bbox 774 2977 930 3049; x_wconf 88' lang='lat' dir='ltr'>translatio,</span> <span class='ocrx_word' id='word_1_175' title='bbox 945 2980 977 3029; x_wconf 79' lang='lat'>25</span> 
     </span>
     <span class='ocr_line' id='line_1_27' title="bbox 146 3068 931 3147; baseline 0.003 -20"><span class='ocrx_word' id='word_1_176' title='bbox 146 3078 178 3127; x_wconf 89' lang='lat' dir='ltr'>ut</span> <span class='ocrx_word' id='word_1_177' title='bbox 192 3068 318 3131; x_wconf 74' lang='lat' dir='ltr'>deducta</span> <span class='ocrx_word' id='word_1_178' title='bbox 329 3073 358 3131; x_wconf 89' lang='lat' dir='ltr'>in</span> <span class='ocrx_word' id='word_1_179' title='bbox 373 3072 498 3132; x_wconf 87' lang='lat' dir='ltr'>alienum</span> <span class='ocrx_word' id='word_1_180' title='bbox 511 3074 619 3147; x_wconf 86' lang='lat' dir='ltr'>loonm,</span> <span class='ocrx_word' id='word_1_181' title='bbox 633 3092 691 3133; x_wconf 90' lang='lat' dir='ltr'>non</span> <span class='ocrx_word' id='word_1_182' title='bbox 705 3074 831 3146; x_wconf 83' lang='lat' dir='ltr'>irruisse,</span> <span class='ocrx_word' id='word_1_183' title='bbox 845 3082 931 3147; x_wconf 85' lang='lat' dir='ltr'>atque</span> 
     </span>
    </p>
   </div>
   <div class='ocr_carea' id='block_1_7' title="bbox 382 3168 446 3228">
    <p class='ocr_par' dir='ltr' id='par_1_7' title="bbox 382 3168 446 3228">
     <span class='ocr_line' id='line_1_28' title="bbox 382 3168 446 3228; baseline 0 0"><span class='ocrx_word' id='word_1_184' title='bbox 382 3168 446 3228; x_wconf 77' lang='lat'>13*</span> 
     </span>
    </p>
   </div>
   <div class='ocr_carea' id='block_1_8' title="bbox 0 0 1102 3575">
    <p class='ocr_par' dir='ltr' id='par_1_8' title="bbox 0 0 1102 3575">
     <span class='ocr_line' id='line_1_29' title="bbox 0 0 1102 3575; baseline 0 0"><span class='ocrx_word' id='word_1_185' title='bbox 0 0 1102 3575; x_wconf 95' lang='lat' dir='ltr'> </span> 
     </span>
    </p>
   </div>
  </div>
 </body>
</html>
