2184 3575
158 356 200 418 π
477 367 519 413 na
542 359 703 414 onlronn.
902 359 982 428 [un

206 533 268 590 qua
285 515 413 592 jocunda
432 525 462 572 et
480 526 570 592 grata,
584 525 645 572 tum
664 515 750 573 etiam
763 515 813 574 illa
824 535 887 591 que
900 515 984 576 mira-

206 611 275 670 bilia
287 621 353 669 sunt
366 612 395 669 in
409 611 521 685 virtute,
536 611 654 669 laudari.

245 803 398 862 LXXXV.
429 803 476 874 Et,
498 804 631 878 quoniam
654 803 828 881 singularum
848 805 982 864 virtutum
1086 790 1089 816 ⁸

206 893 278 958 sunt*
297 910 376 958 certa
401 899 528 974 quaedam
554 899 654 957 officia
676 919 710 957 ac
735 919 862 972 munera,
882 911 912 958 et
931 921 983 959 sua

175 996 310 1071 5'cuique
332 995 426 1052 virtuti
440 995 512 1052 -laus
530 996 647 1071 propria
668 996 796 1067 debetur,
819 997 873 1054 erit
896 997 984 1072 expli·
1034 973 1038 998 ι

207 1091 330 1150 candum
351 1091 379 1148 in
403 1091 487 1148 lande
510 1091 636 1167 justitiae,
657 1091 724 1167 quid
744 1111 810 1150 cum
830 1091 895 1164 lide,
915 1093 983 1169 quid

208 1205 273 1244 cum
300 1187 499 1261 aequabilitate,
526 1186 594 1260 quid
628 1205 693 1244 curn
722 1188 861 1263 ejusmodi
889 1187 984 1262 aliquo

208 1275 304 1340 officio
327 1283 360 1354 is,
381 1283 429 1358 qui
453 1283 623 1354 laudabitur,
645 1283 752 1340 iecerit.
792 1283 931 1358 Itemque,
953 1285 983 1342 in

170 1365 175 1421 ἶ
208 1379 320 1452 ceteris,
335 1397 381 1436 res
400 1389 486 1456 geste
507 1379 541 1436 ad
556 1379 693 1455 cujusque
712 1379 821 1436 virtutis
841 1399 941 1457 genus,
955 1390 985 1437 et

162 1482 193 1530 10
209 1475 274 1545 vim,
289 1485 317 1532 et
330 1493 444 1546 nomen,
459 1476 757 1532 accommodabuntur.

217 1587 220 1592 ·
246 1569 415 1628 Gratissima
435 1580 528 1626 autem
548 1570 610 1627 laus
627 1587 724 1626 eorum
743 1569 882 1628 factorum
894 1571 986 1630 habe·

208 1677 263 1737 tur,
278 1684 340 1741 quae
360 1675 492 1740 suscepta
511 1664 641 1722 videntur
662 1683 679 1721 a
697 1665 764 1722 viris
783 1665 901 1742 sortibus
922 1667 985 1726 sine

208 1761 400 1819 emolumento
422 1779 455 1818 ae
474 1760 606 1836 praemio:
627 1778 695 1837 ⁴quae
711 1779 780 1819 >vero
806 1763 891 1821 etiam
918 1782 985 1821 cum

172 1892 175 1903 ·
207 1858 305 1915 labore
324 1867 353 1913 et
372 1856 499 1933 periculo
521 1857 655 1931 ipsorum,
674 1856 736 1914 haec
755 1858 860 1918 habent
879 1861 987 1918 uberri-

163 1958 194 2009 15
209 1972 284 2013 marn
304 1953 415 2029 copiam
437 1952 471 2011 ad
491 1952 674 2024 laudandum,
689 1954 763 2027 quod
783 1965 811 2012 et
831 1956 889 2013 dici
904 1976 987 2015 orna·

208 2050 317 2108 tissime
342 2059 469 2125 possunt,
489 2059 519 2105 et
539 2048 631 2106 audiri
657 2048 799 2108 facillime.
840 2051 883 2109 Ea
908 2052 986 2109 enim

209 2146 332 2220 denique
352 2145 439 2203 virtus
459 2163 520 2201 esse
541 2145 651 2202 videtur
670 2146 827 2221 praestantis
846 2146 908 2218 viri,
922 2164 986 2223 que

209 2255 253 2301 est
272 2243 424 2300 ⁴fructuosa
450 2242 521 2313 aliis,
550 2241 604 2317 ipsi
633 2252 726 2300 autem
758 2243 910 2315 laboriosa,
937 2254 987 2301 aut

209 2339 377 2415 periculosa,
393 2348 440 2396 aut
454 2348 531 2395 certe
545 2338 675 2415 gratuita.
692 2332 824 2415 sntagna
838 2340 924 2398 etiam
938 2340 988 2398 illa

164 2438 195 2491 20
210 2435 281 2506 laus,
306 2445 334 2491 et
358 2434 539 2505 admirabilis,
564 2434 652 2492 rideri
678 2435 759 2509 solet,
783 2435 881 2491 tulisse
903 2454 988 2495 casua

211 2530 352 2605 sapienter
380 2530 520 2600 adversos,
544 2549 603 2587 non
628 2530 749 2588 fractum
774 2548 837 2588 esse
863 2531 986 2604 fortuni,
1087 2603 1088 2614 ἵ

211 2625 361 2683 retinuisse
376 2625 405 2682 in
419 2627 504 2681 rebus
518 2625 623 2701 asperis
636 2624 810 2701 dignitatern.
833 2662 838 2670 „

249 2720 352 2797 Neque
372 2732 467 2778 tamen
487 2720 536 2778 illa
555 2739 612 2777 non
626 2729 738 2791 ornant,
752 2720 840 2777 habiti
855 2720 987 2794 honores,

172 2850 175 2860 =
211 2819 326 2876 decreta
339 2817 448 2874 virtutis
466 2816 592 2891 premia,
605 2834 651 2873 res
663 2830 750 2893 geste
766 2816 883 2893 judiciis
897 2816 988 2874 homi·
1087 2847 1088 2850 η

164 2928 196 2977 25
211 2932 280 2971 num
306 2912 512 2987 comprobatae;
533 2912 686 2987 inquibus
710 2912 797 2970 etiam
822 2912 987 2971 felicitatem

212 3010 301 3086 ipsam
321 3006 446 3065 Deorum
467 3007 667 3065 immortalium
685 3008 795 3085 judicio
813 3008 910 3081 tribui,
928 3008 988 3065 lau·

212 3103 334 3165 daconis
360 3112 411 3162 eet
465 3102 618 3162 Sumenda
643 3112 810 3164 autemrea
835 3114 919 3164 crant
938 3112 988 3161 aut
1087 3175 1088 3194 ,
