2184 3575
143 333 200 393 m
461 343 504 393 ua
526 342 688 392 cainone
880 341 978 405 [aua

187 491 242 550 hac
263 493 328 552 sorti
349 513 383 553 ac
397 493 481 566 virili,
496 513 555 552 non
576 489 611 552 ab
629 493 718 551 scend
732 502 762 550 et
775 491 977 564 histrionibus,

187 590 237 646 sed
258 591 294 648 ab
315 591 409 665 armis,
425 601 473 649 aut
491 591 578 648 etiam
593 610 609 648 a
622 590 761 666 palustri.
802 585 909 646 Manus
927 607 978 646 au-

186 696 243 743 tem
259 687 353 744 minus
372 699 481 764 arguta,
497 687 595 764 digitis
615 687 791 761 subsequens
804 685 900 756 verba,
914 703 977 741 non

186 784 362 859 exprimens:
384 783 532 844 brachium
547 784 694 859 procerius
707 783 876 858 projectum,
891 781 976 856 quasi

156 878 330 954 equoddam
360 880 448 937 telum
475 880 629 937 orationis:
664 877 808 954 supplosio
834 877 916 954 pedis
943 877 976 935 iu

187 975 419 1033 contentionibus
434 986 482 1033 aut
496 975 668 1051 incipiendis
682 985 731 1032 aut
743 973 884 1032 finiendis.

225 1071 283 1128 Sed
310 1071 340 1128 ia
368 1089 418 1130 ore
444 1083 511 1130 sant
534 1073 640 1130 omnia
681 1072 717 1129 ln
737 1089 774 1128 eo
794 1084 889 1130 autem
909 1071 974 1148 ipso

185 1167 348 1225 dominatus
362 1178 405 1225 est
423 1169 516 1226 omnis
535 1169 685 1225 oculorum
694 1187 702 1238 ;
722 1187 779 1245 quo
791 1167 894 1226 melius
908 1186 975 1226 nos·

184 1263 222 1322 tri
236 1263 276 1321 illi
290 1284 383 1338 senes,
392 1265 441 1340 qui
455 1275 637 1341 personatum
651 1284 689 1321 ne
702 1264 846 1322 Roscium
856 1264 974 1340 quidem

139 1371 170 1421 10
184 1377 357 1437 magnopere
384 1361 548 1420 laudabant
591 1361 690 1418 Animi
717 1371 761 1417 est
781 1360 858 1418 enim
878 1360 975 1419 omnis

185 1457 271 1529 actio,
292 1468 321 1515 et
341 1458 437 1535 imago
458 1458 545 1516 animi
560 1458 653 1515 vultus
674 1467 726 1529 est,
749 1455 859 1514 iudices
876 1455 973 1514 oculi:

184 1572 252 1611 nam
272 1552 334 1612 hac
348 1563 392 1610 est
406 1573 540 1630 unapars
554 1553 692 1629 corporis,
706 1571 779 1629 qnae,
794 1562 863 1627 quot
884 1549 974 1609 animi

184 1659 280 1708 motus
293 1658 369 1720 sunt,
384 1659 426 1706 tot
441 1649 667 1726 significationes
686 1659 715 1706 et
734 1648 975 1706 commutationes

155 1784 158 1800 .
184 1745 275 1822 possit
294 1745 424 1803 efficere:
459 1763 553 1821 neque
579 1763 647 1803 vero
667 1755 711 1803 est
731 1745 891 1821 quisquam,
913 1744 973 1821 qui,

138 1842 169 1891 15
185 1839 285 1896 eadem
296 1848 447 1911 contuens,
458 1838 572 1897 efficiat.
613 1838 833 1916 Theophrastus
846 1838 973 1915 quidem,

184 1934 360 1992 Tauriscum
379 1936 531 2011 quendam,
546 1936 628 2006 dixit,
643 1947 768 1994 actorem
788 1955 917 1994 aversum
931 1956 975 1995 so·
1076 1929 1077 1932 ¹

184 2030 265 2088 litum
277 2050 339 2089 esse
349 2031 456 2103 dicere,
468 2032 516 2107 qui
528 2032 558 2089 in
570 2032 690 2109 agendo,
702 2042 843 2090 contuens
855 2030 973 2107 aliquid,

183 2128 389 2203 pronuntiaret.
429 2128 531 2191 Quare
545 2129 694 2187 oculorum
703 2138 746 2185 est
757 2146 864 2205 magna
875 2128 975 2186 mode·

183 2224 273 2282 ratio:
294 2242 361 2281 nam
376 2224 433 2282 oris
447 2244 504 2283 non
519 2236 563 2282 est
576 2224 697 2283 nimium
706 2225 843 2282 mutanda
850 2224 973 2300 species,

136 2335 168 2384 πο
183 2339 221 2377 ne
242 2330 290 2378 aut
312 2320 346 2378 ad
368 2321 500 2397 ineptiae,
523 2331 572 2379 ant
593 2320 629 2379 ad
649 2321 816 2398 pravitatem
838 2321 973 2396 aliquam,
1075 2315 1076 2340 ¹

183 2414 353 2474 deseramur.
394 2418 482 2475 Oculi
497 2428 573 2489 sunt,
588 2437 709 2493 quornm
725 2427 786 2475 tum
800 2418 971 2491 intentione,
1075 2457 1076 2460 η

182 2522 243 2570 tum
271 2514 448 2593 remissione,
473 2524 534 2573 tam
562 2514 708 2590 conjectu,
730 2524 790 2571 tum
817 2514 971 2586 hilaritate,

183 2618 277 2666 motus
299 2610 458 2669 animorum
479 2610 676 2687 significemus
697 2621 761 2687 apte
779 2628 847 2669 oum
865 2629 972 2688 genere

183 2704 246 2781 ipso
266 2706 420 2765 orationis:
441 2718 485 2764 est
504 2708 583 2765 enim
605 2706 681 2763 actio
693 2708 774 2782 quasi
794 2726 888 2765 sermo
908 2726 972 2764 cor·
1074 2727 1075 2734 ¹

134 2820 167 2869 25
182 2801 275 2877 potin
302 2820 359 2878 quo
379 2803 470 2879 magis
490 2802 580 2861 menti
600 2820 763 2880 congruens
785 2822 850 2861 esse
875 2804 969 2861 debet

182 2896 293 2955 Oculos
318 2908 414 2956 eutem
441 2909 543 2957 natura
569 2900 663 2971 nobis,
683 2910 716 2957 nt
738 2916 814 2975 equo
836 2910 867 2959 et
890 2899 970 2959 latmi

182 3004 267 3065 mas,
282 2994 413 3067 caudam,
428 3012 520 3066 mres,
536 2995 572 3051 ad
590 3007 686 3055 motus
700 2995 862 3054 mimorum
874 2995 970 3054 decla·

181 3086 296 3161 maa,
319 3086 406 3147 dedit
444 3090 559 3163 Quae,
578 3092 611 3149 in
637 3092 694 3151 bae
716 3092 817 3150 uasat
842 3093 968 3166 wdone,
