2184 3575
118 363 211 425 nin]
400 363 444 410 nu
466 363 630 409 ousuoun
894 341 951 412 rot

118 530 149 571 se
162 527 263 570 omues
281 509 341 568 iere
362 511 527 569 Socr'atloos
547 509 778 582 essedicerent3
798 499 905 569 Eretri-

119 625 228 681 oorum,
255 607 451 680 Herilliorum,
475 606 701 684 Megaricorum,
727 607 905 683 Pyrrboueo·

118 719 198 776 rum;
225 703 275 762 sed
296 723 331 762 ea
350 696 451 762 borum
471 705 500 761 vi
520 713 550 761 et
569 704 820 779 disputationibus·
837 712 905 762 sunt

115 801 224 878 jamdiu
245 801 336 859 fructa
353 810 381 858 et
399 801 549 858 exstinctu.
591 799 637 857 Ex
650 791 706 857 illis
720 809 826 874 antem,
839 817 904 874 quse

117 908 275 969 remanent,
296 915 331 954 ea
355 895 546 972 philosophia,
567 915 631 970 qum
658 895 785 973 suscepit
810 899 935 970 patro-t

117 992 227 1051 oinium
248 992 408 1068 voluptatis,
423 992 476 1049 etsi
496 992 544 1049 cui
565 1010 632 1050 vere
649 991 788 1064 rideatur,
802 991 904 1067 procul

118 1089 199 1148 obest
224 1098 320 1147 tamen
349 1089 384 1146 ab
411 1106 447 1146 eo
472 1087 543 1160 viro,
572 1106 657 1164 quem
684 1088 848 1162 querimus,
874 1096 905 1145 et

117 1203 202 1259 quem
237 1193 384 1242 auctorem
415 1184 525 1260 publici
559 1183 683 1253 consilii,
710 1192 739 1242 et
771 1182 905 1261 gerendis

118 1282 241 1341 civitatis
261 1281 375 1353 ducem,
396 1292 425 1339 et
448 1282 596 1339 sententie
623 1291 707 1356 atque
734 1281 904 1358 eloquentius

116 1378 286 1456 prinoipem,
300 1377 330 1435 in
350 1387 462 1449 senatu,
483 1378 513 1435 iu
532 1378 649 1454 populo,
670 1377 700 1435 in
719 1378 815 1435 oensis
834 1379 905 1454 pub-
918 1380 950 1435 rt

117 1474 192 1546 licis,
205 1493 269 1532 esse
283 1474 421 1531 volumus.
462 1473 534 1531 Nec*
549 1473 608 1531 ulla
626 1482 723 1530 tamen
739 1473 767 1532 ei
779 1474 904 1550 pbiloso-

116 1570 191 1648 phie
211 1570 261 1628 liet
280 1570 385 1646 injuria
405 1589 422 1627 a
441 1570 542 1628 nobis-
577 1569 645 1626 Nou
659 1569 735 1627 enim
750 1570 904 1646 repelletur

117 1666 194 1739 inde,
209 1684 266 1742 quo
287 1665 404 1744 aggredi
424 1665 537 1742 cupiet:
558 1665 654 1723 sedin
669 1665 790 1723 hortulis
809 1666 904 1741 quies·

117 1772 164 1822 oet
190 1763 259 1836 suis,
281 1763 331 1821 ubi
351 1761 419 1835 vult,
440 1761 490 1821 ubi
511 1761 598 1820 etiam
618 1761 760 1820 recubans
779 1762 903 1821 molliter

117 1870 146 1919 et
173 1860 305 1932 delicate,
325 1879 380 1918 nos
407 1868 508 1918 avocat
529 1878 545 1917 e
565 1859 674 1931 rostris,
695 1878 712 1917 a
735 1858 864 1937 judiciis,
885 1867 951 1919 alb

117 1956 208 2029 curii,
228 1958 348 2015 fortusse
368 1957 521 2033 sapienter,
542 1957 597 2014 bac
616 1956 774 2033 praesertim
799 1957 903 2033 repub-

116 2053 182 2112 liet.
222 2052 332 2111 Verum
345 2052 401 2130 ego'
415 2071 473 2110 nou
488 2070 591 2127 'quaero
611 2070 699 2124 nuuc,
713 2070 776 2128 quat
789 2052 827 2109 sit
839 2051 903 2128 phi·

116 2149 247 2225 losophia
273 2148 428 2219 verissimo,
449 2148 499 2205 sed
525 2166 589 2221 quae
614 2147 722 2204 oratori
748 2148 905 2224 conjuncta

116 2245 248 2302 maxime.
296 2240 397 2305 Quare
417 2243 486 2299 istos
506 2243 569 2299 sine
588 2230 842 2300 ulli'contumelii
862 2241 904 2300 di·

116 2338 279 2397 mittamus:
301 2349 367 2396 sunt
387 2337 463 2395 eninr
485 2347 514 2395 et
534 2338 603 2395 boui
623 2338 686 2410 viri,
702 2349 731 2396 et
752 2337 902 2416 (quoniam
916 2342 950 2393 tto

116 2434 172 2493 sibi
186 2434 227 2492 ita
239 2432 384 2509 videntur)
396 2432 489 2503 beati;
510 2442 738 2508 tantumqueeos
752 2434 902 2492 admonea-

115 2550 190 2603 mus,
211 2530 343 2603 utillud,
364 2530 450 2588 etiam
471 2529 495 2587 si
515 2538 560 2586 est
580 2529 767 2602 verissimum,
780 2530 902 2590 tacituni

115 2639 223 2700 tamen,
243 2639 379 2701 tanquam
405 2625 582 2703 mysterium,
602 2634 729 2698 teneant,
749 2627 826 2702 quod
852 2646 902 2685 ue·

115 2734 185 2803 gant
198 2722 305 2781 versari
325 2722 355 2780 in
374 2721 524 2798 republici
543 2739 607 2779 esse
627 2720 772 2797 sapientia.
796 2722 901 2796 ‘Nam,

116 2820 142 2879 si
161 2821 218 2880 boc
237 2818 321 2879 nobis
342 2829 426 2894 atque
446 2818 556 2895 optimo
577 2817 681 2894 cuique
699 2818 901 2894 persuaserint,
916 2821 950 2874 Ι

116 2930 175 2974 non
187 2924 321 2992 poterunt
335 2916 390 2993 ipsi
403 2932 467 2974 esse
482 2913 523 2994 (id
539 2914 617 2991 quod
630 2913 753 2973 maxime
766 2914 900 2996 eripiunt)

34 3020 38 3027 '
115 3010 210 3074 otiosi.
794 3015 798 3022 ’

195 3124 260 3167 vor..
274 3124 306 3168 rr.
428 3106 465 3167 10
