2184 3575
152 330 191 389 44
469 338 512 386 nn
535 337 696 384 omroac.
820 386 823 390 ,
894 338 934 397 [n.
944 337 981 384 11.

197 486 326 545 oratione
347 486 422 545 aliud
443 486 578 562 excipias,
593 496 677 563 atque
696 485 744 543 ille
761 483 836 555 vult;
858 493 890 543 ut
903 484 982 542 Sali-

196 583 289 643 natori
315 584 467 654 Maximus,
490 582 715 654 cum-Tarento
742 580 855 652 amisso,
879 598 980 638 arcem

196 688 292 737 tamen
312 679 410 736 Livius
429 678 600 749 retinuisset,
616 677 759 751 multaque
779 695 814 733 ex
827 676 862 733 ed
874 675 981 751 proelia

196 776 332 851 praeclara
353 774 475 845 lecisset,
490 792 556 833 cum
571 774 677 848 aliquot
689 782 754 848 post
773 790 863 829 annos
882 770 980 829 Maxi·

166 880 260 929 5mus
288 870 317 927 id
350 870 483 945 oppidum
517 869 680 944 recepisset,
707 878 874 944 rogaretque
907 885 978 925 eum

197 966 350 1036 Salinator,
365 975 396 1022 ut
410 964 593 1036 meminisset,
604 965 691 1040 operi
705 964 757 1021 sud
770 982 800 1019 se
814 963 977 1019 Tarentum

196 1062 354 1136 recepisse3
370 1060 535 1132 “Quidnij’
549 1061 650 1135 inquit,
661 1066 680 1114 θ’
689 1059 888 1117 memineriml
902 1076 977 1116 nun·

142 1166 144 1171 '
196 1175 280 1233 quam
295 1157 370 1214 enim
384 1156 565 1231 recepissem,
579 1156 635 1213 nisi
647 1166 679 1212 tu
691 1155 890 1230 perdidisses.”

236 1256 311 1311 Sunt
330 1254 414 1311 etiam
435 1254 484 1311 illa
498 1252 683 1325 subabsurda,
697 1252 747 1309 sed
760 1271 796 1309 eo
810 1252 870 1327 ipso
883 1252 976 1310 nomi·

151 1360 182 1410 10
196 1370 233 1407 ne
247 1369 321 1426 sepe
334 1350 464 1422 ridicula,
478 1368 537 1408 non
558 1350 650 1407 solum
669 1348 764 1406 mimis
782 1347 973 1424 perapposite,

196 1448 245 1505 sed
259 1447 344 1505 etiam
358 1446 568 1522 quodammodo
580 1445 680 1502 nobis:

441 1602 542 1616 ·····
559 1570 574 1596 “
583 1566 665 1614 Homo
675 1566 767 1627 fatuus,

226 1648 357 1710 Postquam
368 1662 419 1695 rem
430 1646 519 1695 babere
530 1646 613 1708 coepit,
623 1651 662 1693 est
671 1652 783 1693 mortuus
791 1664 797 1693 ε
806 1645 821 1668 ”

351 1744 354 1751 “
439 1793 542 1808 .....
557 1757 752 1816 “deesttibi

150 1853 180 1903 15
226 1839 277 1889 Ista
287 1839 423 1888 muliere*
446 1838 566 1888 “Uxorl’
597 1837 952 1900 “SImilis,mediuslldius:”

194 1949 223 1997 et

239 2032 391 2092 “Quamdiu
402 2031 432 2081 ed
443 2047 518 2095 equa
528 2031 585 2094 i'uit,
595 2045 722 2094 nunquam
731 2037 771 2080 est
782 2031 919 2080 mortuus.”

232 2209 368 2269 LXVIII.
398 2210 498 2268 Genus
517 2209 573 2267 hoc
586 2208 685 2281 levius,
698 2218 737 2280 et,
751 2219 783 2266 ut
796 2208 864 2280 dixi,
878 2207 970 2266 mimi·

192 2326 275 2378 cum;
296 2307 347 2364 sed
360 2307 445 2364 babet
458 2322 662 2382 nonnunquam
676 2304 781 2380 aliquid
794 2304 880 2362 etiam
895 2304 968 2379 apud

145 2413 178 2464 m
191 2393 244 2461 nos
263 2402 331 2474 loci,
351 2413 384 2459 ut
402 2401 445 2459 vel
466 2420 525 2459 non
550 2402 661 2472 stultus,
681 2401 761 2475 quasi
787 2400 882 2472 stulte,
902 2417 967 2458 cum

192 2499 251 2556 sale
270 2498 348 2556 dicat
365 2497 487 2573 aliquid:
507 2507 539 2554 ut
551 2496 614 2567 tibi,
628 2496 747 2568 Antoni,
761 2495 888 2567 Mancia,
902 2514 968 2554 cum

192 2592 317 2651 audisset
336 2603 364 2650 te
384 2609 529 2650 censorem
551 2610 568 2648 a
586 2589 628 2648 M.
648 2590 778 2648 Duronio
801 2590 837 2646 de
861 2591 966 2648 ambitu

190 2689 372 2767 postulatum,
400 2687 621 2762 “Aliquando”
652 2686 752 2761 inquit,
780 2692 799 2718 “
808 2686 861 2743 tibi
887 2697 967 2744 tuum

189 2784 335 2862 negotium
360 2801 444 2860 agere
467 2783 592 2840 licebit.”
633 2781 725 2839 Valde
746 2781 808 2840 bec
828 2781 965 2853 ridentur,

144 2893 176 2945 25
189 2891 228 2950 et,
243 2878 368 2950 hercule,
382 2877 487 2949 omnia,
501 2896 565 2954 quae
579 2876 804 2953 aprudentibus,
817 2876 897 2951 quasi
915 2893 965 2951 per

191 2974 443 3032 dissimulationem
471 2972 557 3053 [non]
586 2971 771 3049 intelligendi,
791 2971 966 3030 subabsurde

190 3070 320 3146 salseque
345 3069 487 3128 dicuntur.
528 3069 574 3129 Ex
598 3087 654 3144 quo
679 3084 785 3146 genere
807 3076 851 3124 est
870 3067 964 3138 edam,
