2184 3575
140 342 181 403 5⁰
462 350 505 399 ue
527 348 690 397 omronu.
891 346 974 407 [uu.

227 498 410 576 Colliguntur
431 518 448 556 a
466 498 578 556 Grecis
598 497 655 555 alia
677 494 824 567 nonnulla,
845 499 977 553 exsecra·

187 595 291 667 tiones,
307 595 516 665 admirationes,
532 593 712 650 minutiones.
754 590 813 648 Sed
834 591 896 649 beo
911 590 977 665 ipsa

188 691 273 748 nimis
293 690 364 747 milri
379 690 475 747 videor
495 690 585 746 multa
598 689 629 746 iu
645 707 752 765 genera
770 686 974 762 descripsisse:

188 806 253 845 narn
281 787 338 857 illa,
360 804 422 860 quae
445 786 523 843 verbi
551 785 662 843 ratione
682 795 711 841 et
731 784 758 840 vi
778 783 975 853 continentur,

157 892 267 941 lacerta
287 882 346 939 fere
367 900 401 939 ao
420 882 537 939 definita
557 891 639 939 sunt:
660 900 723 955 quae
743 880 921 955 plerumque,
941 887 976 936 nt

189 990 255 1035 ante
268 978 336 1049 dixi,
350 978 460 1035 laudari
473 978 575 1054 magis,
590 995 675 1052 quam
688 977 785 1047 rideri,
800 976 901 1033 solent.

227 1073 300 1131 Haec
321 1082 426 1144 autem,
440 1092 502 1148 quae
519 1072 629 1129 suntin
643 1090 683 1144 re,
699 1082 728 1130 et
742 1072 771 1129 iu
785 1072 847 1147 ipsit
860 1080 976 1132 senten-

1077 605 1083 806 l

188 1168 239 1239 rit,
252 1168 380 1245 partibus
399 1178 466 1225 sunt
486 1168 714 1239 innumerabilia,
733 1168 886 1245 generibus
903 1186 976 1243 pau-
1081 1229 1082 1234 ἵ

189 1284 231 1323 ca.
274 1264 543 1340 Exspectationibns
556 1264 633 1321 enim
648 1264 835 1340 decipiendis,
849 1273 879 1321 et
891 1273 976 1320 natu·

143 1362 227 1420 loris
249 1361 366 1419 aliorum
387 1361 549 1433 irridendis,
564 1361 688 1436 ipsorum
708 1360 830 1417 ridicule
844 1359 974 1417 indicatr-

189 1458 242 1530 dis,
263 1468 292 1515 et
311 1458 497 1516 similitudine
520 1458 664 1533 turpioris,
685 1468 714 1514 et
734 1456 972 1528 dissimulatione,

188 1563 217 1611 et
230 1553 405 1623 subabsurda
425 1553 560 1624 dicendo,
574 1563 604 1609 et
621 1552 707 1609 stulta
725 1552 972 1627 reprehendendo,

188 1648 262 1705 risus
283 1659 439 1705 moventur.
479 1648 581 1722 Itaque
607 1647 778 1705 imbuendus
804 1648 902 1719 estis,
922 1647 973 1724 qui

186 1744 285 1820 jocose
299 1744 358 1802 vult
375 1744 481 1816 dicere,
496 1744 576 1820 quasi
596 1744 698 1802 naturai
719 1744 841 1820 quddam
856 1744 921 1820 apti
936 1743 972 1803 ad

144 1845 174 1893 15
189 1841 251 1898 hec
270 1859 385 1917 genera,
407 1851 435 1898 et
456 1841 592 1913 moribus,
613 1851 645 1898 ut
665 1842 701 1898 ad
728 1842 866 1917 cujusque
892 1840 972 1898 modi

70 1923 72 1928 ⁵
188 1956 279 2014 genus
298 1936 412 1994 ridiculi
432 1937 524 1995 vultus
545 1937 631 1994 etiarn
652 1939 900 1997 accommodetur:
921 1936 971 2012 qui

188 2032 303 2108 quidem
330 2051 385 2108 quo
412 2033 535 2090 severior
562 2044 605 2090 est
628 2044 657 2091 et
680 2033 796 2104 tristior,
820 2043 852 2092 ut
877 2033 908 2091 in
931 2043 970 2104 te,

188 2129 302 2202 Crasse,
324 2129 378 2186 hoc
402 2129 460 2201 illa,
485 2149 547 2205 quae
571 2129 716 2201 dicuntur,
739 2129 858 2187 salsiora
880 2129 971 2187 videri

188 2226 287 2284 solent.
629 2212 631 2215 ¹

141 2329 174 2378 20
227 2323 285 2378 Sed
302 2322 360 2398 jam
381 2331 422 2393 tu,
444 2321 565 2394 Antoni,
586 2321 634 2397 qui
654 2322 710 2379 hoo
729 2321 887 2378 diversorio
912 2341 970 2380 ser·

187 2417 281 2474 monis
301 2417 358 2474 mei
378 2417 498 2475 libenter
519 2418 716 2492 acquieturum
736 2428 765 2474 te
784 2436 847 2474 esse
863 2418 968 2492 dixisti,

187 2521 320 2587 tanquam
341 2512 370 2570 in
397 2512 561 2570 Pomtinum
587 2512 744 2584 diverteris,
764 2531 858 2587 neque
886 2533 969 2571 amm-

129 2587 132 2603 ⁶
187 2626 256 2664 num
276 2627 368 2682 neque
389 2609 528 2666 salubrem
549 2607 654 2679 locum,
669 2626 774 2664 censeo
788 2618 819 2667 ut
832 2609 902 2666 satis
919 2609 969 2668 diu

187 2711 216 2760 te
241 2713 323 2779 putes
349 2702 503 2778 requiesse,
523 2712 553 2760 et
579 2702 633 2759 iter
659 2703 799 2778 reliquum
826 2705 968 2764 conficere

141 2801 173 2852 25
186 2818 296 2876 pergas.
347 2798 411 2876 Ego
433 2817 509 2870 vero,
535 2807 618 2873 atque
645 2798 734 2857 bilare
760 2800 875 2876 quidem
900 2819 917 2858 a
939 2809 969 2859 te

187 2897 331 2970 acceptus,
359 2893 461 2968 inquit,
489 2903 517 2950 et
543 2912 609 2951 curn
636 2893 747 2952 doctior
772 2913 823 2969 per
848 2906 887 2967 te,
907 2905 968 2953 tum

186 2990 273 3046 etiarn
294 2989 428 3047 audacior
449 2989 540 3046 factus
560 3008 623 3047 sum
644 2989 679 3046 ad
697 2990 859 3065 jocandum.
899 2991 968 3049 Non

187 3085 263 3145 enim
277 3103 385 3158 vereor,
399 3084 512 3163 nequis
531 3103 578 3144 nro
590 3085 621 3144 iu
635 3085 689 3144 isto
707 3103 815 3162 genere
833 3085 968 3146 leviorem
