2184 3575
459 336 503 382 nu
523 336 686 385 omuouu.
886 336 927 396 [ι.
935 336 968 383 ιι.

125 487 129 497 ’
188 494 237 542 eut
256 484 424 563 dignitatem
444 485 549 557 inesse,
570 497 618 545 eut
640 486 808 557 utilitatem
835 500 968 560 cumque,

188 582 235 639 cui
256 583 394 640 concilies
415 584 492 639 huuc
520 602 655 653 amorem,
675 583 820 659 significes
838 582 910 640 nihil
928 581 969 639 ad

187 678 338 737 utilitatem
352 697 431 735 suum
447 680 587 749 retulisse,
599 699 633 736 ec
648 679 718 736 nihil
733 680 851 737 omnino
865 678 968 735 fecisse

187 776 274 833 causti
287 775 346 833 eud.
388 774 534 832 Invidetur
554 776 630 833 enim
647 776 807 833 commodis
820 775 967 831 hominum

153 871 329 953 §ipsorum
357 871 459 928 studiis
480 882 575 929 cutem
595 890 693 929 eorum
721 872 825 928 ceteris
844 889 968 929 commo·

148 952 152 957 ¹
185 966 272 1023 dandi
293 967 409 1025 favetur.
450 966 671 1041 Videndumque
692 967 747 1025 hoc
767 967 833 1025 loco
852 977 904 1037 eet,
919 986 967 1038 ne,

186 1081 256 1137 quos
270 1063 307 1120 ob
321 1064 471 1120 benefacta
488 1063 570 1139 diligi
585 1064 720 1133 volemus,
734 1082 834 1121 eorum
853 1063 968 1120 laudem

186 1169 270 1233 etque
283 1160 400 1236 gloriam
416 1158 478 1235 (cui
493 1160 617 1216 maxime
638 1159 758 1216 invideri
778 1145 863 1237 solet)
882 1159 967 1216 nimie

184 1256 284 1312 efferre
298 1255 451 1313 videamur.
492 1257 590 1330 Atque
611 1256 710 1313 iisdem
732 1256 776 1312 his
795 1274 830 1313 ex
850 1256 922 1312 locis
938 1265 967 1313 et

137 1360 168 1410 10
183 1352 279 1410 odium
301 1351 330 1408 in
352 1352 422 1410 elios
442 1362 551 1409 struere
571 1353 724 1421 discemus,
743 1362 772 1409 et
792 1370 809 1409 a
829 1352 912 1409 nobis
932 1370 967 1408 ac

183 1448 288 1505 uostris
308 1448 471 1506 demovere:
499 1450 658 1523 cademque
684 1449 746 1507 haec
769 1466 876 1524 genere
894 1460 968 1505 trec·

183 1544 270 1601 tende
290 1555 356 1601 eunt
376 1545 405 1601 in
419 1545 570 1601 iracundid
583 1545 627 1602 vel
642 1545 795 1603 excitandd
808 1544 851 1601 vel
866 1544 967 1601 sedeu-

183 1640 237 1697 dt:
258 1658 335 1709 nem,
356 1639 389 1710 ei,
411 1641 486 1713 quod
507 1640 584 1716 ipsis,
606 1640 654 1714 qui
676 1641 805 1711 audiunt,
826 1639 967 1715 pernicio-

183 1753 244 1792 eum
267 1744 315 1792 eut
336 1734 435 1793 inutile
455 1735 502 1805 eit,
522 1735 551 1792 id
574 1733 707 1816 [sactum]
732 1754 845 1813 augeas,
866 1735 966 1792 odium

136 1843 167 1892 15
183 1841 312 1889 creatur:
333 1832 387 1903 eiu,
408 1832 485 1907 quod
506 1842 555 1889 eut
575 1832 604 1889 in
625 1833 715 1890 bonos
738 1831 836 1909 [vitoe
851 1833 912 1910 tut]
936 1831 966 1888 in

182 1947 232 1986 coe
259 1928 288 1985 in
312 1947 384 2002 quos
410 1928 529 2003 quisque
556 1929 674 1986 minime
698 1930 838 2000 debuerit,
863 1941 912 1986 eut
935 1927 965 1984 iu

181 2023 403 2100 rempublicam
425 2033 484 2080 tum
506 2024 656 2096 excitetur,
676 2025 701 2082 ei
720 2043 780 2081 uon
803 2036 861 2082 tem
888 2040 966 2080 ecer-

181 2121 250 2179 bum
276 2120 384 2191 odium,
405 2129 501 2178 tamen
528 2131 577 2178 eut
603 2121 717 2177 invidie
745 2130 793 2177 eut
818 2118 878 2176 odii
905 2135 964 2175 non

180 2216 326 2275 dissimilis
346 2217 474 2275 offensio.
514 2216 588 2273 Item
609 2217 693 2274 timor
713 2215 850 2273 incutitur
868 2223 916 2270 eut
929 2232 964 2271 ex

133 2324 165 2376 20
181 2313 305 2389 ipsorum
319 2313 465 2389 periculis,
481 2327 529 2370 eut
543 2333 578 2370 ex
591 2312 800 2372 communibus.
841 2310 964 2367 Interior

180 2419 223 2467 est
238 2409 284 2466 ille
298 2410 444 2486 proprius:
470 2410 521 2466 eed
543 2410 592 2467 liic
612 2426 725 2484 quoque
746 2405 907 2464 communis
928 2405 964 2461 ed

180 2506 301 2563 eundem
322 2505 537 2563 similitudinem
558 2516 602 2562 est
621 2501 845 2580 perducendus..

219 2697 281 2755 LII.
313 2697 369 2756 Per
396 2708 480 2773 etque
506 2717 565 2756 une
589 2696 662 2754 tutio
684 2704 729 2752 est
752 2691 823 2767 spei,
846 2691 962 2764 letitie,

179 2793 334 2851 molestie:
356 2795 407 2852 sed
427 2795 504 2853 heud
523 2794 623 2861 eciem,
645 2810 680 2848 au
701 2788 857 2848 acerrimus
876 2787 962 2864 louge

130 2901 165 2952 z
180 2889 217 2945 eit
240 2890 367 2948 omnium
390 2902 483 2950 motus
508 2889 638 2957 invidiae;
664 2905 720 2943 uec
742 2884 837 2944 minue
859 2883 962 2942 virium

179 3001 252 3060 opus
265 2985 302 3044 sit
315 2986 345 3044 iu
357 2988 394 3044 ed
409 2984 633 3062 comprimeudd‚
646 2999 732 3056 quam
753 2980 782 3038 in
800 2979 960 3038 excitand&

174 3079 313 3142 ‚Invident
340 3097 435 3144 eutem
462 3081 592 3140 homines
618 3078 741 3136 maxime
766 3076 892 3153 peribus,
914 3086 962 3135 eut
