2184 3575
112 336 114 343 '
151 332 190 391 38
468 338 510 385 on
534 337 696 384 oaaroaa.
896 339 978 398 [nn.

195 486 230 544 In
250 486 306 545 hoc
325 506 416 565 genus
436 487 628 563 conjiciuntur
652 486 817 563 proverbia3
845 497 877 545 ut
903 488 977 545 illud

126 628 128 633 s
195 583 349 659 Scipionis,
365 602 430 641 cum
444 583 559 642 Asellus
578 602 678 640 omnes
697 583 859 659 provincias
871 584 978 659 stipen-

195 680 242 739 dia
261 690 416 737 merentem
437 697 467 735 se
486 679 653 755 peragrdsse
672 679 850 755 gloriaretur,
866 682 977 756 “Agas

195 776 340 845 asellum‚''
356 784 385 831 et
398 784 501 831 cetera.
541 774 642 835 Quare
659 776 976 849 eaquoque,quoniu1n

164 871 308 927 5mutatis
334 870 427 927 verbis
458 888 516 927 non
548 882 667 945 possunt
699 870 821 928 retinere
853 871 976 928 eandem

193 975 380 1037 venustatem,
406 984 465 1023 non
491 966 520 1023 in
547 985 589 1038 re,
616 965 723 1028 sedin
749 966 852 1032 verbis.
879 967 976 1043 posita

194 1062 344 1118 ducuntur.

233 1156 286 1213 Est
312 1156 397 1214 etiam
424 1157 454 1213 in
480 1158 567 1214 verbo
592 1156 716 1232 positum
742 1177 802 1216 non
834 1158 974 1215 insulsum

194 1270 294 1328 genus,
315 1270 415 1324 exeo,
435 1271 502 1309 cnm
523 1252 705 1323 adverbum,
726 1272 784 1309 non
805 1253 840 1310 ad
860 1263 974 1309 senten·

147 1360 179 1409 10
193 1347 272 1418 tiam,
286 1366 345 1405 rem
367 1348 497 1423 accipere
517 1348 629 1405 videare
638 1369 645 1417 3
663 1367 701 1423 „cx
715 1366 772 1422 quo
792 1366 850 1405 uno
866 1367 972 1424 genere

192 1452 268 1500 totus
288 1454 330 1501 est
349 1443 452 1515 Tutor,
467 1444 570 1500 mimus
591 1454 680 1514 vetus,
699 1443 804 1518 oppido
823 1444 970 1501 ridiculus.

193 1539 251 1595 Sed
266 1539 337 1596 abeo
351 1558 367 1596 u
380 1539 490 1595 mimis:
511 1548 620 1595 tantum
642 1557 732 1615 genus
752 1538 836 1615 hujus
855 1539 971 1596 ridiculi

192 1633 298 1709 insigni
313 1634 407 1708 aliqua
419 1644 448 1690 et
461 1634 530 1689 notai
543 1651 574 1690 re
587 1634 678 1690 notari
692 1634 762 1691 volo.
803 1633 855 1691 Est
876 1647 971 1691 autem

192 1746 227 1785 ex
247 1728 303 1785 hoc
323 1746 428 1805 genere
448 1728 527 1800 illud,
542 1728 618 1803 qnod
638 1738 678 1800 tu,
699 1728 812 1801 Crasse,
827 1748 916 1806 nuper
932 1730 969 1801 ei,

146 1839 177 1888 15
191 1824 282 1899 quite
296 1824 432 1900 rogasset,
447 1843 515 1882 num
530 1825 582 1880 tibi
598 1825 734 1882 molestus
753 1838 828 1882 esset
848 1827 968 1898 futurus,

192 1919 216 1976 si
231 1920 265 1978 ad
279 1929 308 1976 te
323 1921 396 1977 bene
417 1929 481 1976 ante
501 1920 595 1977 lucem
616 1921 754 1991 venisset;
776 1921 853 1978 “Tu
873 1925 968 1994 vero,''

192 2014 318 2089 inquisti,
336 2015 500 2072 “molestus
519 2035 575 2072 non
596 2015 692 2072 eris:’'
714 2016 863 2074 “Jubebis
883 2018 969 2094 igitur

190 2113 247 2182 te,”
263 2111 364 2185 inquit,
379 2117 397 2143 “
407 2110 582 2167 suscitaril'’
604 2122 633 2168 et
646 2120 686 2182 tu,
702 2111 817 2168 “Certe
833 2114 968 2189 negdrem

189 2217 219 2264 te
238 2206 386 2265 molestum
408 2207 561 2264 futurum.''
615 2206 660 2264 Ex
680 2207 781 2264 eodem
807 2208 863 2265 hoo
889 2223 969 2266 uetus

144 2303 259 2366 collad
283 2313 335 2374 est,
356 2302 431 2378 quod
459 2302 538 2358 aiunt
564 2301 792 2378 Maluginensem
817 2303 897 2361 illum
924 2303 966 2362 M.

190 2398 365 2472 Scipionem,
393 2416 459 2455 curn
485 2416 520 2455 ex
547 2398 677 2455 centuria
708 2398 760 2454 sud
793 2400 968 2457 renuntiaret

189 2493 347 2550 Acidinum
374 2493 529 2564 consulem,
550 2511 701 2568 praecoque
727 2493 853 2566 dixisset,
881 2495 967 2553 “Dic

189 2588 225 2645 de
239 2587 271 2645 L.
284 2587 393 2646 Manlio
403 2589 434 2658 ;’'
457 2588 586 2645 “Virum
600 2587 735 2660 bonum,''
748 2588 849 2663 inquit,
861 2596 879 2622 ‘¹
888 2609 968 2666 egre·

188 2683 323 2760 giumque
343 2684 433 2741 civem
454 2700 515 2741 esse
537 2682 684 2740 arbitror.”
725 2683 862 2741 Ridicule
880 2685 966 2743 etiam

142 2787 174 2840 25
188 2777 266 2836 illud.
306 2779 340 2837 L.
360 2778 480 2836 Porcius
501 2777 609 2836 Nasica
628 2779 739 2836 censori
765 2780 880 2851 Catoni,
899 2796 978 2864 cum·

188 2875 245 2945 ille,
260 2881 279 2907 “
288 2874 332 2937 Ex
345 2875 387 2932 tui
402 2874 488 2931 animi
504 2874 645 2932 sententia
658 2884 689 2932 tu
703 2893 819 2932 uxorem
833 2875 964 2935 habesl'¹

189 2970 294 3044 “sNon,
313 2970 457 3043 hercule,’'
472 2969 573 3046 inquit,
587 2976 651 3028 “ex
670 2969 727 3028 mei
747 2971 833 3028 animi
853 2981 966 3030 seuten-
