2184 3575
134 331 175 390 96
457 337 499 387 ue
521 338 685 386 ouuronn
873 333 967 395 [unt.

181 491 225 549 ci'c
246 491 351 549 luimus
371 510 482 568 uemper
502 490 669 567 comparati,
689 499 722 547 'ut
742 487 890 546 hominum
907 503 968 544 uer·

181 587 315 646 moninus
335 589 415 663 quasi
436 588 465 645 iu
487 587 601 662 aliquod
620 585 814 644 contentionis
824 582 967 660 judicium

181 701 366 742 vocaremur:
394 685 461 761 quid
488 696 546 742 turn
574 683 722 752 dissimile,
742 700 827 758 quam
853 698 909 756 ego
935 679 967 736 in

181 779 305 838 dicendo
325 791 354 838 et
374 781 538 838 Antoniusl
560 798 625 837 curn
647 778 694 836 ille
714 778 739 836 in
758 778 797 834 eit
815 787 920 846 orator,
934 783 968 832 ut

149 876 252 934 onihil
279 885 315 934 e'o
340 877 429 952 possit
455 895 518 933 esse
544 875 740 952 praestantium
774 891 830 950 ego
860 882 966 942 eutem,

179 989 339 1047 quanquam
355 983 460 1030 memet
475 972 530 1030 mei
549 971 677 1047 poenitet,
692 989 758 1028 cum
773 971 830 1027 hoc
842 967 967 1026 maxime

180 1076 276 1124 tamen
289 1067 319 1124 'in
330 1068 548 1143 computatione
561 1066 728 1143 conjungar.

179 1187 183 1194 ·
219 1163 380 1236 Vldetisne,
399 1183 489 1241 genus
507 1165 562 1221 hoc
578 1163 705 1238 quod'uit
721 1162 861 1219 Antoniil
882 1161 965 1233 forte,

179 1259 342 1330 vehemens,
368 1269 541 1316 commotum
567 1258 597 1315 iu
622 1258 744 1334 egendo,
764 1258 965 1334 premunitum

134 1365 164 1414 to
179 1364 208 1411 et
228 1373 264 1412 ex
283 1356 361 1412 omni
382 1366 461 1431 purte
482 1375 576 1413 cuusae
596 1362 718 1431 septum,
740 1372 815 1425 ecre,
837 1365 964 1425 acutum,

179 1449 370 1520 enucleatum,
391 1449 420 1506 in
446 1450 621 1524 unequique
647 1467 678 1505 re
698 1467 894 1518 commorans,
916 1447 967 1504 ho·

179 1557 260 1604 necte
280 1546 395 1616 cedens,
418 1546 520 1602 acriter
542 1545 705 1619 insequens,
725 1555 846 1617 terrene,
860 1543 967 1619 suppli·

179 1654 258 1712 cene,
273 1641 383 1698 summit
398 1641 535 1699 orationis
550 1641 696 1712 varietate,
709 1641 790 1698 nulli
802 1651 965 1698 nostrerum

178 1737 288 1795 curium
317 1738 455 1796 satietate.
499 1736 573 1795 'Nos
601 1747 706 1809 autern,
725 1738 907 1813 ¹quicumque
933 1736 964 1795 in

133 1840 163 1890 15
178 1834 302 1891 dicendo
322 1852 430 1905 sumus,
444 1834 578 1909 quonium
599 1853 663 1891 esse
684 1834 779 1909 nliquo
798 1835 827 1891 in
846 1852 966 1892 numero

177 1930 258 1987 vobis
280 1930 418 2001 videmur,
444 1940 522 1988 oerte
549 1941 645 1987 temen
674 1931 709 1987 ab
733 1930 818 2006 hujus
843 1930 963 1987 multum

176 2044 282 2104 genere
303 2027 457 2097 distamus3
479 2027 555 2102 quod
577 2028 660 2102 quale
677 2027 723 2099 sit,
738 2046 797 2085 non
810 2036 853 2085 est
866 2044 964 2085 meum

176 2122 283 2194 dicere,
312 2119 463 2198 propterea
496 2123 571 2197 quod
605 2123 721 2180 minime
755 2122 809 2179 eibi
843 2121 965 2196 quisquc

175 2226 261 2277 notus
284 2229 337 2290 est,
358 2229 387 2277 et
411 2219 580 2282 difficillime
603 2219 640 2276 do
663 2238 694 2277 se
716 2219 836 2295 quicque
858 2218 962 2277 sentitt

130 2325 161 2376 m
176 2315 227 2373 sed
253 2326 348 2373 tumen
366 2302 579 2372 ¹dissimilitudo
603 2315 723 2392 intelligi
746 2326 851 2391 potest,
874 2325 904 2372 et
927 2332 963 2372 cx

176 2411 270 2469 motin
290 2412 347 2469 mei
368 2412 578 2483 mediocritate,
593 2423 621 2469 et
641 2432 677 2469 ex
695 2431 742 2483 eo,
754 2412 843 2486 quod,
858 2410 965 2486 quibus

176 2508 303 2583 vestigiis
323 2508 446 2584 primum
467 2508 567 2579 institi,
582 2509 612 2567 iu
627 2509 662 2566 iis
676 2509 735 2565 sere
755 2508 834 2566 soleo
850 2526 964 2584 perorn-

175 2622 216 2674 re,
231 2613 260 2660 et
273 2604 348 2678 quod
375 2604 585 2679 uliquanto‘rne
605 2605 693 2681 major
713 2601 743 2662 iu
762 2605 856 2662 verbis
876 2623 962 2680 quum

175 2700 205 2757 in
232 2700 381 2760 seutentiir
408 2681 552 2777 eligendis⁸
574 2700 654 2757 labor
681 2711 710 2758 et
736 2718 806 2759 curu
838 2711 961 2776 torquet,

128 2804 160 2855 ne
174 2806 329 2868 verentem,
349 2814 396 2868 ne,
418 2798 441 2854 si
461 2797 548 2872 paulo
568 2797 723 2855 obsoletior
749 2797 836 2855 fuerit
857 2798 962 2869 orutio,

173 2911 232 2951 non
253 2892 342 2969 dignu
360 2893 572 2969 exspectatione
586 2903 616 2951 et
628 2893 743 2951 cilentio
762 2893 850 2951 fuisse
867 2894 962 2953 videa·

174 2999 228 3047 tur.

179 3125 183 3135 ·
212 3084 302 3149 Quod
322 3084 346 3147 sl
366 3085 396 3147 in
416 3086 509 3160 nobis,
531 3086 580 3164 qui
601 3087 852 3159 adsume-tante
878 3084 959 3145 tusi·

1080 3097 1084 3140 l
