2184 3575
138 337 230 399 um]
419 339 463 388 na
483 339 647 387 omrorrn
924 323 965 387 8⁹

136 485 286 562 reliquum,
310 505 344 547 se
370 505 452 563 paene
476 498 660 564 postremum,
686 485 831 544 memorias
854 502 919 561 pro·

136 581 255 638 damus:
279 593 362 658 atque
382 582 419 654 ei,
440 583 494 642 etsi
514 583 693 658 nequaquam
718 601 815 658 parem
842 581 918 640 illius

137 675 264 752 ingenio,
286 687 314 735 at
332 696 384 754 pro
410 689 507 736 nostro
532 688 629 736 tamen
655 678 761 749 studio,
787 678 918 735 meritam

136 772 256 850 gratiam
283 774 465 849 debitamque
490 775 654 832 reseramus.
707 774 810 849 Neque
840 774 917 831 enim

136 867 284 944 quisquam
310 871 449 942 nostrum,
474 889 540 930 oum
567 870 655 928 libros
681 869 809 929 Platonis
835 870 948 928 mira-5

135 963 230 1024 biliter
255 965 375 1041 scriptos
401 966 480 1042 legit,
508 967 538 1023 in
565 967 668 1042 quibus
700 967 833 1026 omnibus
858 966 917 1024 fere

135 1061 270 1120 Socrates
290 1061 465 1137 exprimitur,
479 1081 549 1133 uon,
562 1045 723 1138 quanquam
743 1062 793 1120 illa
811 1063 918 1140 seripta

134 1166 202 1214 sunt
222 1156 367 1228 divinitus,
382 1167 477 1216 tamen
497 1158 589 1234 majus
607 1158 742 1234 quiddam
757 1159 794 1215 de
808 1158 867 1231 illo,
881 1160 918 1217 de

136 1268 193 1325 quo
212 1251 318 1327 seripta
337 1263 413 1323 sunt,
433 1254 601 1328 suspicatur.
653 1252 753 1316 Quod·
770 1254 838 1311 item
864 1273 918 1312 nos

135 1346 321 1422 postulamus,
341 1365 400 1406 non
421 1367 438 1406 a
456 1358 485 1405 te
504 1349 631 1423 quidem,
651 1349 700 1424 qui
720 1349 803 1406 nohis
822 1351 918 1408 omnia
932 1357 964 1408 lu

136 1459 247 1500 summa
266 1443 377 1514 tribuis,
391 1444 442 1501 sed
457 1445 599 1515 aeeteris,
616 1445 665 1518 qui
685 1444 747 1501 heo
766 1443 796 1502 in
816 1463 919 1504 manns

136 1548 259 1609 sument,
273 1548 305 1596 ut
324 1539 415 1615 majus
435 1540 569 1614 quiddam
590 1540 627 1597 de
647 1540 680 1598 L.
701 1540 817 1611 Crasso,
833 1558 918 1616 quarn

136 1643 272 1709 quantum
287 1635 400 1693 anobis
420 1636 604 1711 exprimetur,
624 1636 814 1712 suspieentur.
854 1636 919 1694 Nos

135 1729 212 1789 enirn
234 1731 298 1809 (qui
318 1731 371 1809 ipsi
394 1732 519 1792 sermoni
547 1751 606 1791 non
633 1733 868 1806 interfuissemus,
889 1742 919 1792 et

134 1826 237 1902 quibus
251 1828 285 1887 C.
301 1828 387 1887 Cotta
406 1831 604 1888 tantummodo
621 1829 701 1889 looos
714 1848 749 1889 ae
763 1830 918 1888 sententias
934 1841 965 1890 15

135 1920 219 1999 hujus
237 1921 438 2000 disputationis
464 1925 652 2005 tradidisset),
671 1943 730 2001 quo
756 1925 786 1983 in
812 1943 918 2003 genere

135 2017 272 2075 orationis
291 2033 443 2093 utrumque
462 2030 605 2077 oratorem
625 2038 858 2097 cognoveramus,
877 2019 919 2077 id·

135 2112 227 2189 ipsum
260 2132 359 2171 sumus
391 2114 421 2171 iu
453 2132 554 2171 eorum
586 2133 719 2173 sermone
750 2116 919 2173 adumbrare

136 2206 241 2265 eonati.
280 2206 371 2270 Quod
390 2208 415 2265 si
435 2209 498 2283 quia
514 2210 580 2279 erit,
594 2210 652 2284 qui,
666 2210 770 2268 duetus
783 2210 919 2285 opinione

136 2302 224 2379 vulgi,
247 2312 295 2360 aut
318 2302 476 2361 Antonium
499 2305 681 2381 jejuniorern,
709 2315 758 2363 aut
783 2306 919 2364 Crassum
933 2330 965 2380 p]

135 2398 303 2479 pleniorem,
324 2398 411 2456 fuisse
430 2409 519 2475 putet,
540 2418 625 2475 quarn
644 2401 788 2475 quomodo
805 2402 919 2465 anobis

136 2504 256 2569 uterque
276 2494 411 2553 inductus
430 2504 489 2565 est3
512 2495 536 2552 is
548 2496 604 2553 erit
616 2514 651 2554 ex
665 2497 710 2568 iis,
722 2497 772 2573 qui
786 2510 835 2556 aut
854 2497 919 2557 illos

135 2608 194 2649 non
215 2588 366 2663 audierint,
389 2601 438 2649 aut
459 2591 589 2667 judieare
615 2611 673 2650 non
698 2593 824 2668 possint:
851 2613 918 2653 narn

137 2686 190 2745 suit
203 2696 322 2761 uterque
338 2686 382 2763 (ut
396 2687 512 2764 exposui
533 2689 630 2768 antea)
645 2706 713 2747 eum
725 2689 820 2748 studio
834 2696 919 2765 atque

137 2780 252 2858 ingenio
274 2792 304 2839 et
326 2782 459 2840 doetrind
480 2794 617 2860 prestans
640 2783 783 2858 omnibus,
806 2796 867 2844 tum
888 2785 918 2844 in
933 2803 966 2853 25

137 2892 190 2933 suo
222 2894 327 2954 genere
359 2877 512 2953 perfectus,
539 2889 573 2937 ut
603 2887 698 2955 neque
730 2879 761 2937 in
791 2881 919 2941 Antonio

138 2968 249 3029 deesset
268 2971 317 3043 hio
336 2981 454 3033 ornatus
474 2974 623 3049 orationis,
643 2992 738 3052 neque
759 2976 790 3037 iu
813 2977 919 3036 Crasso

138 3065 317 3129 redundaret.

369 3164 417 3223 80
