2184 3575
462 328 505 374 nn
527 328 690 376 onerosa.
890 330 971 391 [nn.

190 461 275 548 quam
295 484 388 533 castra
407 475 527 533 rideris:
552 494 588 533 an
608 476 798 551 eloquentie?
817 496 880 552 que
892 477 973 536 nulla

190 580 234 631 est
261 571 291 628 in
317 582 361 629 ie:
396 581 434 643 et,
461 572 600 647 quidquid
620 583 664 630 est
689 574 769 631 vocis
795 593 829 631 ac
855 574 971 651 lingum,

190 684 275 724 omne
296 668 325 725 in
346 668 431 727 istum
451 668 647 745 turpissimum
667 670 818 727 calumniae
833 682 971 745 questum

191 765 344 823 contulisti.
385 765 434 824 Tu
457 767 552 824 lucem
577 768 703 842 aspicere
728 768 835 826 audesl
866 777 897 825 tu
918 768 973 825 hos

158 870 174 917 5
190 862 314 920 intueril
335 871 365 918 tu
380 862 409 918 in
425 862 496 934 foro,
511 872 542 919 tu
557 863 586 919 in
600 865 680 935 urbe,
694 874 725 921 tu
741 864 769 921 in
784 864 888 921 civium
905 882 970 921 esse

190 959 363 1033 conspectui
384 967 415 1014 tu
430 958 507 1015 illam
521 968 672 1030 mortuam,
686 969 718 1016 tu
733 960 872 1035 imagines
885 960 978 1035 ipsas,-

189 1072 247 1111 non
267 1054 480 1129 perhorrescisl
500 1054 604 1130 quibus
623 1074 681 1112 non
707 1056 794 1113 modo
814 1056 970 1127 imitandis,

189 1150 238 1207 sed
263 1168 300 1206 ne
323 1150 500 1209 collocandis
526 1150 652 1225 quidem,
678 1152 730 1210 tibi
757 1152 847 1231 iillum
872 1151 970 1210 locum

188 1244 355 1321 reliquisti.'’

142 1448 172 1497 10
227 1438 302 1498 LVI.
335 1440 392 1497 Sed
414 1440 475 1498 haec
495 1440 606 1517 tragica
627 1449 711 1515 atque
737 1440 849 1498 divina:
875 1441 970 1500 faceta

189 1546 283 1593 autem
303 1545 333 1593 et
352 1537 462 1595 urbana
481 1536 700 1594 innumerabilia
719 1555 755 1593 ex
774 1536 832 1594 und
852 1548 971 1594 conten·

188 1632 267 1689 tione
287 1631 472 1689 meministis:
499 1650 555 1689 nec
575 1632 652 1689 enim
679 1633 783 1690 concio
810 1634 898 1709 major
914 1653 971 1691 nn·

189 1747 273 1804 quam
300 1727 362 1799 suit,
383 1746 438 1785 nec
465 1728 539 1804 apud
566 1728 701 1805 populum
727 1730 839 1806 gravior
865 1731 968 1799 oratio,

188 1843 272 1900 quam
293 1825 375 1900 hujus
396 1835 496 1882 contra
516 1825 655 1902 collegam
676 1825 705 1882 in
726 1827 848 1884 censuri
867 1846 967 1903 nuper,

141 1926 172 1974 15
187 1939 281 1995 neque
294 1921 390 1996 lepore
404 1930 433 1977 et
448 1920 599 1978 festivitate
613 1921 763 1980 conditior.

225 2017 327 2079 Quare
352 2016 415 2088 tibi,
440 2016 560 2088 Antoni,
588 2026 739 2092 utrumque
766 2019 912 2091 assentior,
938 2029 969 2077 et

187 2115 305 2172 multum
320 2113 438 2170 facetias
452 2113 482 2170 in
496 2113 619 2170 dicendo
630 2115 766 2188 prodesse
779 2110 862 2190 saepe',
877 2127 907 2172 et
915 2135 970 2173 eas

188 2224 247 2271 arte
273 2213 352 2270 millo
379 2212 462 2270 modo
492 2231 589 2288 posse
608 2212 690 2270 tradi.
744 2211 819 2270 Illnd
853 2215 966 2288 quidem

188 2310 320 2380 admiror,
335 2319 363 2366 te
377 2309 460 2366 nobis
474 2309 504 2366 in
518 2327 555 2366 eo
568 2326 673 2384 genero
691 2310 824 2366 tribuisse
845 2319 965 2382 tantum,

140 2415 171 2464 20
188 2416 216 2462 et
229 2425 288 2464 non
307 2406 391 2482 hujus
411 2406 453 2462 rei
473 2425 587 2480 quoqne
605 2407 738 2481 palmam,
752 2418 784 2462 ut
798 2415 965 2477 ceterarum,

187 2503 291 2560 Crasso
311 2501 454 2559 detulisse.
494 2501 573 2559 Tum
594 2502 749 2571 Antonius,
764 2501 828 2576 Ego
841 2519 909 2557 vero
926 2501 967 2558 ita

186 2599 327 2669 fecissem,
348 2598 447 2673 inquit,
468 2598 522 2655 nisi
550 2598 702 2668 interdum,
724 2597 754 2653 in
775 2596 840 2668 hoc,
861 2597 967 2653 Crasso

111 2693 112 2698 '
185 2695 301 2770 paulum
316 2683 493 2752 inviderem:
521 2712 587 2751 nam
607 2710 669 2749 esse
690 2693 818 2766 quamvis
840 2692 965 2750 facetum

187 2801 269 2867 alque
289 2791 404 2862 salsum,
418 2809 478 2848 non
497 2789 646 2846 nimisest
665 2807 715 2863 per
735 2807 766 2845 se
786 2788 877 2862 ipsum
896 2789 967 2846 invi·

139 2890 170 2940 25
186 2888 326 2945 dandum:
348 2887 407 2958 sed,
423 2905 488 2945 cum
502 2884 630 2941 omnium
650 2884 689 2941 sis
708 2885 922 2942 venustissimus
936 2897 966 2942 et

185 2983 400 3056 urbanissimus,
415 2982 542 3040 omnium
563 2981 759 3057 gravissimum
777 2991 807 3038 et
824 2983 966 3040 severissi-

185 3099 264 3140 mum
278 3090 308 3140 et
320 3099 383 3139 esse
397 3089 426 3137 et
439 3078 528 3135 videri
544 3076 634 3155 (quod
647 3077 695 3136 icti
709 3078 831 3158 contigit
845 3081 920 3160 uni),
934 3079 965 3137 id
