2184 3575
101 349 217 411 uun]
407 351 452 400 nn
474 350 638 400 omuoun
904 340 961 400 127

124 509 194 573 tute,
214 499 331 573 honore,
352 499 521 578 ignomiuiI,
549 499 676 577 premio,
699 498 795 576 poeni,
816 497 915 556 simili·

124 596 235 673 busque
254 597 292 654 de
311 597 406 669 rebus,
428 597 458 656 in
482 607 635 672 utramque
660 607 771 672 purtem
797 594 915 653 dioendi

124 693 247 764 animos,
262 703 292 752 et
304 693 371 766 vim,
385 704 414 752 et
429 704 518 752 artem
532 693 639 752 hebere
656 693 803 751 debemus.
844 690 914 764 Sed,

122 789 272 865 quonium,
286 790 323 849 de
335 790 434 849 nostri
446 790 629 866 possessione
649 788 770 864 depulsi,
786 788 815 845 in
829 805 916 864 pnrvo

114 896 154 944 -et
167 904 203 944 eo
216 886 344 964 litigioso
356 886 493 964 prediolo
507 885 600 945 relioti
619 905 727 957 sumus,
741 894 780 957 et,
795 884 915 942 eliorum
928 900 946 950 5

123 983 248 1059 petroni,
269 994 367 1042 nostra
392 993 491 1042 tenere
514 983 646 1057 tuerique
669 1001 728 1041 nou
751 980 914 1057 potuimuo3

125 1079 162 1138 ub
175 1080 211 1138 iis
225 1079 315 1157 (quod
336 1079 567 1157 indignissimum
588 1080 646 1159 est)
666 1078 724 1155 qui'
736 1078 765 1136 iu
785 1089 915 1136 nostrum

123 1176 329 1253 patrimonium
356 1177 529 1255 irruperunt,
553 1177 630 1253 quod
652 1195 726 1254 opus
750 1186 795 1235 eet
820 1176 914 1250 nobie,

123 1283 297 1332 mutuemur.

165 1465 310 1528 XXVIII.
342 1467 452 1527 Dicunt
471 1467 559 1545 igitur
577 1485 656 1526 nune
670 1452 785 1543 quidem
799 1466 852 1540 illi,
866 1467 915 1543 qui
931 1476 962 1527 10

120 1581 163 1622 ex
181 1564 322 1640 partiouli
342 1566 429 1641 parvi
450 1565 528 1624 urbis
542 1584 578 1623 uo
591 1564 649 1624 looi
670 1583 777 1626 nomeu
798 1564 914 1637 habeut,

120 1670 156 1718 et
176 1661 360 1738 Peripatetici
379 1662 538 1738 philosophi
561 1672 610 1720 tut
630 1660 803 1722 AoedemIoi
825 1661 917 1720 nomi·

122 1769 240 1830 uantur,
269 1756 350 1837 (olim
378 1769 483 1831 autem,
510 1769 628 1835 propter
654 1758 788 1819 enlmiam
819 1776 915 1818 rerum

122 1855 312 1914 maximarum
332 1856 493 1927 seientiam,
509 1855 650 1914 uGrmois
662 1855 774 1931 politici
789 1855 915 1931 philoso-

122 1950 175 2028 phi
205 1952 347 2029 appelluti‚
376 1952 573 2010 universarum
606 1970 700 2010 rerum
733 1952 913 2028 publicorum
931 1963 963 2013 15

123 2047 243 2106 nomine
266 2048 457 2129 vocabuntur)
480 2066 593 2105 omnem
619 2048 733 2106 civilem
755 2048 915 2105 orationem

123 2142 157 2202 in
177 2144 280 2201 horum
302 2142 437 2201 alterutro
457 2162 564 2219 genere
584 2143 700 2215 versuti,
722 2154 771 2201 uut
790 2143 915 2204 definito

123 2239 328 2298 controversie
342 2239 428 2296 certis
438 2240 615 2313 temporibus
627 2258 661 2297 no
671 2240 738 2311 reis,
749 2240 805 2297 hoo
814 2238 914 2299 modo:

126 2334 282 2395 Plnoeutne
303 2354 320 2393 u
339 2334 627 2411 Carthaginiensibus
646 2336 774 2412 captivos
793 2346 915 2408 nostros,

122 2431 246 2492 redditis
260 2432 328 2504 uuis,
343 2432 525 2509 recuperarit
547 2443 596 2491 nut
609 2432 719 2491 infinite
733 2434 770 2491 do
783 2433 916 2492 universo
931 2440 964 2491 2⁰

126 2548 233 2609 genere
258 2528 427 2605 querentis:
463 2528 546 2591 Quid
580 2529 700 2588 omnino
732 2528 769 2589 de
802 2531 916 2605 captiuo

123 2626 309 2707 statuendum
335 2644 369 2685 uo
392 2625 573 2684 sentiendum
597 2625 654 2684 uitl
695 2627 793 2701 Atque
813 2628 915 2686 horum

126 2722 258 2800 superius
277 2722 347 2781 illud
368 2741 460 2800 genus
480 2741 598 2781 oausam
619 2732 668 2781 uut
691 2724 914 2783 controversiam

125 2820 280 2896 appellunt,
296 2838 417 2896 eamque
437 2819 539 2890 tribue,
556 2818 617 2891 lite,
633 2828 681 2877 tut
696 2818 914 2893 deliberatione,

123 2925 177 2975 eut
208 2915 383 2989 laudatione,
409 2916 567 2976 deliniunt:
602 2916 665 2975 hmo
697 2926 793 2975 autom
826 2917 917 2977 alteru
931 2919 963 2970 25

109 3012 248 3089 'quontlo
274 3012 387 3076 infinito
412 3022 441 3071 et
464 3012 546 3090 quusi
566 3012 721 3090 proposita,
742 3013 916 3075 eonsultntio

109 3106 303 3185 nominatur,
316 3120 401 3189 utque
413 3109 555 3171 Mutunus
566 3110 731 3188 loquuntur.
