2184 3575
129 303 223 409 isin]
411 345 454 394 uu
475 345 640 394 onnmnn.
905 335 962 396 tut

132 495 162 554 in
175 495 255 554 omni
268 513 383 573 genere,
398 507 459 555 tum
474 494 503 554 in
517 496 573 554 hou
586 496 659 571 ipso,
669 512 775 572 magns
787 492 917 570 qnoednm

133 603 177 650 est
203 593 244 650 vis
271 591 504 666 incredibilisque
531 602 649 650 natm.
702 591 814 649 Omnes
838 590 917 648 enim

132 689 223 746 tacito
240 688 363 764 quodum
384 705 480 759 sensu,
495 687 558 745 sins
579 687 638 745 ulls
657 697 719 745 nrte
734 686 916 759 antistibus,

133 803 195 860 quae
208 784 265 842 sint
279 785 308 842 in
323 783 431 842 artibus
446 803 479 840 ac
493 784 653 841 rationibus
671 794 752 840 rests
770 802 804 841 su
820 800 916 858 prava,

133 880 308 955 dijudicant:
329 880 415 954 idque
436 897 502 936 oum
524 879 634 936 faciunt
655 879 683 936 in
702 878 831 954 picturis,
845 888 874 935 et
887 877 947 937 int

132 976 231 1052 signis,
246 986 275 1033 et
290 975 319 1032 in
334 976 397 1032 aliis
409 975 552 1050 operibus,
567 975 603 1032 sd
619 994 739 1049 quorum
759 974 919 1051 intelligen-

132 1072 200 1129 tium
222 1091 239 1130 u
259 1071 361 1128 nuturb
381 1071 476 1128 minus
499 1071 607 1127 habent
632 1071 828 1140 iustrumenti;
856 1080 917 1128 tnm

133 1166 223 1235 multo
236 1167 391 1224 ostendunt
405 1167 496 1243 magis
510 1167 538 1223 in
551 1167 712 1239 verborum,
723 1183 916 1238 numerorum,

133 1281 292 1337 vocumque
304 1261 431 1338 judici03
454 1262 530 1336 quod
544 1272 659 1321 essunt
673 1262 702 1318 in
717 1262 917 1320 communibus

134 1357 221 1416 infixa
241 1358 381 1428 sensibus,
399 1375 493 1433 neque
513 1376 612 1414 earum
632 1376 728 1414 rerum
747 1375 917 1432 quemquam
932 1371 963 1421 ιο

134 1453 262 1512 funditus
288 1464 390 1511 natura
416 1453 506 1511 voluit
531 1472 595 1510 esse
620 1463 773 1528 expertem.
816 1451 917 1528 Itaque

134 1568 191 1609 non
212 1549 304 1608 solum
325 1549 418 1608 verbis
439 1559 499 1608 nrte
518 1549 619 1625 positis
639 1558 788 1606 moventur
807 1566 917 1621 omnes,

133 1646 333 1704 verumetiam
347 1645 474 1732 numanis
488 1665 522 1704 su
536 1644 665 1702 vocibus.
704 1644 822 1707 Quotus
840 1643 919 1702 enim

133 1741 253 1819 quisque
280 1752 333 1816 est,
354 1742 404 1823 qui
430 1751 527 1801 teneat
550 1751 643 1800 srtem
671 1756 856 1799 numerorum
883 1757 919 1799 uu

133 1839 303 1897 modorum?
342 1840 384 1896 At
398 1838 428 1897 in
441 1839 486 1897 his
499 1838 524 1895 si
537 1838 653 1913 paulum
671 1837 757 1897 modo
776 1836 917 1895 offensum
933 1848 964 1900 1⁶

131 1944 186 2006 sst,
208 1945 239 1993 ut
260 1946 309 1993 sut
328 1934 526 1993 contractione
547 1934 661 1991 brevius
679 1933 770 2004 iisset,
791 1942 840 1990 unt
856 1950 920 2009 pro·

132 2031 270 2089 ductione
283 2030 407 2107 longius,
418 2030 529 2087 theatra
540 2038 598 2087 totu
610 2028 776 2087 reclamant.
816 2027 918 2090 Quint

134 2126 190 2183 hou
210 2144 268 2183 non
288 2125 364 2183 idem
383 2125 415 2183 fit
432 2125 461 2182 in'
476 2124 605 2196 vocibus,
618 2133 651 2180 ut
664 2142 681 2181 s
693 2121 877 2180 multitudine
889 2131 920 2180 et

134 2220 251 2297 populo,
265 2239 323 2278 non
344 2219 431 2277 modo
451 2229 571 2278 osterum
589 2229 674 2293 atque
687 2228 854 2289 conventus,
868 2217 919 2275 ssd

135 2317 222 2375 etiam
236 2316 291 2392 ipsi
304 2315 360 2374 sibi
372 2314 479 2393 singuli
492 2314 697 2391 discrepantes,
711 2313 883 2391 ejiciuntur?
933 2325 966 2377 ω

176 2508 224 2568 LI.
255 2507 389 2571 Mirabile
409 2516 462 2580 est,
479 2525 546 2565 cum
565 2506 718 2582 plurimum
738 2504 920 2565 insaniendo

137 2605 248 2681 intersit
268 2605 342 2663 inter
361 2604 478 2663 doctum
498 2613 528 2661 st
546 2603 658 2674 rudem,
670 2619 756 2677 quum
775 2620 834 2659 non
850 2601 920 2659 mid-

136 2713 197 2761 tum
224 2700 335 2759 differnt
362 2700 391 2757 in
415 2700 582 2776 judicando.
623 2699 681 2755 Ars
706 2697 793 2769 enim,
816 2715 922 2757 sumn

139 2797 240 2855 nuturt
266 2797 395 2873 profecta
421 2796 467 2867 sit,
495 2795 551 2853 nisi
586 2792 714 2874 [nutura]
749 2803 861 2851 movent
888 2811 922 2851 su

139 2890 272 2964 delectet,
293 2891 364 2950 nihil
385 2908 453 2949 suns
473 2890 567 2968 egisse
587 2890 725 2948 videatur.
776 2886 860 2947 Nihil
879 2897 922 2947 est
934 2893 967 2945 5

141 2998 236 3049 sutem
263 2999 320 3049 tam
348 2998 503 3067 unguntum
529 2988 674 3047 mentibus
698 2986 812 3058 uostris,
837 3003 923 3062 quum

140 3084 252 3145 numeri
278 3096 361 3163 stqus
384 3102 492 3160 vousss
519 3084 623 3163 quibus
648 3092 678 3144 st
702 3081 871 3155 exsitsmun
892 3089 925 3139 st
