2184 3575
133 346 224 407 ¹nn]
424 348 467 397 nn
490 348 653 395 onauonn.
933 338 970 397 61

139 496 201 573 jam
220 506 309 572 putet,
330 498 464 572 quoniam
487 498 603 574 quidem
625 507 657 555 tu
680 496 829 555 Fabricios
854 496 926 555 mihi

143 606 282 663 auctores,
297 604 325 650 et
340 594 503 664 Africanos,
518 594 672 665 Maximos,
693 593 829 664 Catones,
843 593 926 670 Lepi·

142 688 197 744 dos
215 689 365 764 protulisti.
407 690 466 746 Sed
486 690 598 747 habetis
611 708 656 761 ea,
671 708 733 763 que
748 688 875 746 voluistis
889 708 925 746 ex

141 800 189 839 me
209 783 316 855 audire,
331 784 366 841 de
387 784 490 858 quibus
510 784 625 858 quidem
647 783 809 841 accuratius
829 783 926 841 dicen·

140 876 209 934 dum
230 888 264 951 et,
278 879 462 955 cogitandum
483 879 552 937 suit:
579 898 645 936 nam
673 889 770 936 cetera
796 878 956 937 faciliorad

138 983 216 1045 sunt,
238 984 324 1048 atque
343 993 378 1031 ex
398 975 443 1047 iis,
465 993 528 1049 quaa
545 974 605 1051 jam
625 975 703 1032 dicta
721 984 798 1049 sunt,
814 974 924 1051 relique

137 1079 297 1127 nascuntur
311 1071 415 1129 omnia

178 1258 305 1319 LXXII.
336 1260 401 1337 Ego
433 1261 510 1318 enim
544 1280 611 1319 cum
645 1262 681 1320 ad
713 1281 829 1321 causam
859 1280 923 1320 snm

140 1373 300 1431 aggressus,
317 1365 401 1430 atque
420 1357 517 1413 omnia
537 1357 701 1433 cogitando,
715 1358 807 1432 quoad
827 1358 922 1415 facere

138 1449 231 1525 potui,
251 1462 433 1526 persecutus;
454 1471 520 1509 cum
542 1462 571 1509 et
592 1462 758 1529 argumenta
777 1456 969 1525 causa,et1⁰

140 1566 189 1605 eos
208 1548 287 1604 iocos
307 1548 409 1622 quibus
430 1548 518 1606 animi
535 1548 666 1623 judicum
679 1548 879 1620 conciliantur,
893 1560 922 1607 et

138 1641 204 1699 iilos
227 1643 330 1717 quibus
355 1654 566 1719 permoventur,
587 1644 645 1701 vidi
672 1656 757 1719 atquo
783 1645 920 1721 cognom

137 1745 199 1796 tum
219 1738 373 1810 constituo,
388 1738 455 1814 quid
477 1738 580 1797 habeat
599 1758 718 1816 queque
737 1759 825 1800 causa
842 1740 921 1813 boui,

137 1833 206 1908 quid
229 1833 305 1891 maii.
345 1834 436 1892 Nulla
459 1835 534 1892 enim
560 1834 619 1891 fere
642 1855 687 1892 res
709 1845 806 1911 potest
826 1836 857 1894 in
880 1837 921 1893 di-

137 1929 223 1987 cendi
243 1929 477 2005 disceptationem
501 1941 549 1988 eut
571 1933 794 1990 controversiam
814 1932 919 2004 vocari,
936 1937 967 1985 15

137 2041 200 2098 quae
226 2042 285 2082 non
312 2025 416 2082 habeat
438 2036 606 2101 utrumque:
633 2027 694 2099 sed,
715 2038 852 2103 quantum
872 2028 921 2085 ha·

136 2118 213 2190 beat,
228 2120 256 2177 id
270 2120 363 2178 refert.

176 2213 245 2272 Mea
266 2225 360 2272 autem
380 2217 453 2273 ratio
473 2217 503 2274 in
524 2217 649 2275 dicendo
668 2218 731 2276 hec
757 2235 820 2276 esse
840 2218 919 2291 solet,

137 2319 178 2379 ut,
200 2309 267 2367 boni
294 2311 370 2385 quod
398 2312 511 2383 habeat,
535 2313 563 2368 id
592 2313 755 2388 amplectar,
775 2332 919 2387 exornem,

137 2423 323 2482 exaggerem
359 2406 398 2464 ibi
431 2425 600 2480 commorer,
633 2408 673 2465 ibi
710 2409 845 2482 habitem,
879 2411 917 2469 ibi
934 2418 965 2468 2⁰

136 2501 275 2560 haeream:
298 2502 404 2583 amalo
422 2515 515 2560 autem
532 2504 656 2580 vitioque
671 2523 763 2562 cause
781 2507 821 2563 ita
840 2526 919 2565 rece·

136 2597 211 2668 dam,
231 2616 290 2655 non
311 2608 343 2654 ut
363 2598 391 2655 id
419 2617 465 2655 me
491 2599 627 2675 defugere
655 2611 796 2676 appareat,
817 2602 866 2660 sed
886 2613 919 2660 nt

134 2703 237 2764 totum,
252 2695 328 2754 bono
348 2694 397 2752 iilo
417 2695 546 2752 ornando
567 2704 596 2751 et
616 2697 748 2772 eugendo
760 2697 918 2756 dissimula·

135 2798 206 2860 tum,
220 2790 365 2847 obruatur.
407 2789 454 2861 Et,
470 2790 494 2848 si
515 2802 665 2849 causaest
683 2791 712 2848 in
734 2795 916 2869 argumentis,

135 2883 296 2942 firmissima
329 2903 446 2960 quaeque
479 2887 602 2945 maxime
630 2897 723 2959 tneor,
751 2888 810 2945 sire
835 2890 917 2965 plura
931 2898 963 2946 25

135 2990 211 3051 sunt,
235 2979 294 3038 aive
322 2981 435 3056 aliquod
461 3001 566 3040 unum:
600 2983 645 3040 sin
672 2993 766 3042 autern
794 2985 824 3042 in
850 3004 918 3042 con·

135 3072 282 3132 oilietione
303 3084 351 3132 aut
372 3075 401 3133 in
421 3076 600 3151 permotione
620 3088 779 3150 causaest,
798 3077 833 3136 ad
853 3095 917 3135 eam
