2184 3575
143 337 173 383 u.
184 338 227 397 ιι]
425 340 470 388 nn
490 338 653 389 cainone.
932 329 972 388 39

143 485 215 543 tias
256 485 328 543 Haec
349 497 396 544 aut
417 486 520 565 frigida
533 499 609 561 sunt,
625 498 674 545 aut
686 498 748 545 tum
761 486 845 559 salsa,
858 504 925 545 cum

147 580 225 640 aliud
239 593 280 639 est
293 593 503 659 exspectatum:
524 586 628 643 natura
641 584 719 641 enim
732 602 786 641 nos
800 582 846 660 (ut
860 593 924 641 ante

146 677 221 756 dixi)
241 690 335 737 noster
356 680 480 738 delectat
499 700 593 751 error;
616 700 652 737 ex
670 699 737 756 quo,
758 698 825 737 cum
844 679 925 755 quasi

147 772 258 850 decepti
272 794 370 833 sumus
382 778 604 869 exspectatione,
619 777 752 835 ridemus.

184 965 275 1025 LXV.
306 967 341 1025 In
361 968 454 1026 verbis
473 969 560 1027 etiam
581 967 630 1027 illa
648 979 725 1041 sunt,
738 986 801 1043 que
822 978 871 1026 aut
889 973 957 1025 ex5

144 1060 294 1120 immutati
314 1065 443 1123 oratione
463 1065 617 1136 ducuntur,
633 1075 681 1123 aut
694 1084 729 1121 ex
743 1065 828 1122 unius
846 1064 926 1121 verbi

144 1159 340 1231 translatione,
363 1171 411 1217 aut
430 1180 465 1218 ex
484 1161 646 1219 inversione
671 1161 830 1218 verborum.
880 1160 926 1217 Ειι

145 1254 359 1327 immutatione;
380 1266 412 1313 ut
432 1257 500 1314 olim
520 1257 623 1315 Rusca
641 1275 707 1314 cum
727 1257 821 1332 legem
840 1255 927 1313 ferret

147 1348 289 1421 annalem,
309 1351 452 1409 dissuasor
479 1342 530 1409 M(
546 1352 693 1423 Servilius,
715 1351 800 1408 “Dic
825 1352 924 1423 mihi,'’

147 1442 249 1519 inquit,
271 1453 289 1479 “
300 1446 340 1504 M.
361 1447 467 1519 Pinari,
488 1466 567 1519 num,
588 1447 613 1504 si
633 1458 735 1505 contra
758 1457 788 1503 te
815 1446 925 1518 dixero,
941 1453 971 1504 10

145 1540 217 1598 mihi
237 1541 452 1601 maledicturus
465 1562 506 1615 es,
521 1553 553 1601 ut
565 1543 669 1601 ceteris
682 1542 818 1601 lecistil”
860 1541 927 1600 “Ut

145 1646 301 1695 sementem
319 1638 431 1711 feceris,
446 1638 486 1697 ita
505 1640 624 1711 metes,''
639 1639 739 1714 inquit.
779 1638 926 1698 Eatrans·

145 1732 249 1792 latione
270 1744 373 1808 autem,
389 1745 429 1808 ut,
443 1753 510 1794 cum
531 1734 630 1819 Scipio
649 1735 697 1794 ille
717 1734 806 1814 major
824 1734 926 1793 Corin·

145 1829 213 1887 titiis
234 1839 355 1889 statuam
376 1831 579 1907 pollicentibus
597 1850 634 1888 eo
651 1831 726 1903 loco,
740 1832 790 1890 ubi
804 1831 925 1890 aliorum

145 1936 240 1984 essent
265 1927 476 2004 imperatorum,
501 1928 687 1986 “turmales'’
709 1927 781 1984 dixit
801 1927 926 2004 “displi-
940 1935 971 1984 15

145 2024 239 2080 cere.”
274 2022 464 2081 xInvertuntur
493 2034 587 2081 autem
613 2025 708 2094 verba,
735 2036 776 2094 ut,
804 2022 925 2081 Oramus

146 2118 219 2192 apud
234 2117 275 2175 M.
289 2118 461 2193 Perpernam
478 2118 606 2195 judicem
625 2137 678 2193 pro
692 2119 842 2176 Aculeone
857 2136 925 2175 cum

145 2212 265 2283 diceret,
293 2213 389 2270 aderat
421 2222 519 2270 contra
545 2214 725 2271 Aculeonem
758 2213 926 2272 Gratidiano

145 2308 178 2366 L.
200 2307 294 2366 AElius
314 2307 423 2379 Lamia,
444 2308 589 2379 deformis,
610 2319 642 2365 ut
660 2307 767 2378 ndstis3
788 2308 923 2382 quicum

145 2404 336 2479 interpellaret
349 2403 464 2472 odiose;
486 2409 504 2436 “
514 2403 703 2474 Audiamus,”
719 2403 820 2478 inquit,
835 2409 854 2437 “
863 2405 924 2481 pul·
938 2420 970 2470 20

144 2500 267 2558 chellum
280 2501 429 2576 puerum,'’
445 2500 573 2558 Crassus.
614 2500 689 2557 Cum
705 2511 780 2558 esset
793 2501 922 2573 arrisum,

144 2595 241 2654 “Non
255 2595 332 2670 potui
346 2596 445 2668 mihi,'’
461 2595 553 2671 inquit
569 2595 678 2667 Lamia,
694 2602 712 2628 “
722 2595 840 2653 formam
861 2596 921 2672 ipse

143 2693 267 2770 lingere3
291 2690 438 2769 ingenium
458 2692 566 2768 potui.”
607 2690 685 2748 Tum
705 2692 763 2762 liic,
785 2692 921 2751 “Audia-

143 2789 235 2860 mus,’'
248 2788 348 2864 inquit,
363 2794 381 2822 “
391 2789 527 2846 disertum
538 2790 569 2846 :''
590 2788 681 2846 multo
698 2787 784 2846 etiam
803 2787 921 2845 arrisum

144 2893 186 2942 est
199 2885 403 2942 vehementius.
936 2893 968 2942 25

183 2981 258 3040 Sunt
270 2981 355 3038 etiam
370 2980 419 3038 illa
431 2989 560 3053 venusta,
573 2989 605 3039 ut
619 2980 648 3039 in
662 2980 794 3057 gravibus
810 2988 922 3038 senten·

143 3075 201 3149 tiis,
212 3077 255 3136 sic
268 3076 297 3137 in
311 3075 430 3136 facetiis.
471 3075 539 3135 Dixi
553 3075 631 3135 enim
644 3076 763 3148 dudum,
773 3074 922 3134 materiam
