2184 3575
107 343 187 406 un]
385 343 611 392 montuosa
677 413 684 432 ‘
894 334 933 394 71

105 493 304 552 moderatione
323 493 444 552 maxime
471 491 607 564 oernitur,
626 489 777 549 tractanda
800 491 886 551 etiam

106 590 139 648 in
162 590 372 648 laudationibus
398 591 460 648 haeo
486 600 552 647 suut
578 599 686 652 nature
711 598 741 646 et
767 588 887 648 fortunae

106 685 201 757 bona3
222 685 251 743 in
271 686 373 762 quibus
393 696 436 742 est
456 703 566 744 summa
585 685 655 756 laus,
674 701 733 740 non
753 685 887 742 extulisse

108 801 140 840 se
155 782 183 839 in
196 793 343 858 potestate,
354 800 412 839 non
426 781 513 839 t'uisse
527 780 695 838 insolentem
709 779 739 838 in
752 781 886 856 peouuid,

107 896 165 936 uon
198 897 228 936 se
256 878 412 954 praetulisse
445 877 507 936 aliis
538 887 652 953 propter
680 877 919 937 abundantiams

108 973 245 1044 fortunae3
267 985 298 1032 ut
311 989 379 1049 opes
392 984 421 1031 et
434 973 524 1049 copiae
542 991 601 1030 non
622 973 761 1048 superbiae
774 973 888 1032 videan-

107 1079 153 1128 tur
181 1090 215 1128 ao
241 1070 363 1142 libidini,
390 1070 440 1130 sed
469 1069 588 1128 bonitati
622 1088 656 1127 ao
688 1069 886 1145 moderationi,

108 1165 271 1224 facultatem
286 1176 314 1222 et
328 1165 473 1223 materiam
488 1164 608 1222 dedisse.

147 1262 247 1320 Virtus
268 1272 371 1331 autem,
386 1279 447 1334 quae
468 1271 511 1317 est
529 1279 580 1335 per
600 1279 631 1318 se
650 1260 713 1337 ipsa
726 1261 886 1335 laudabilis,

107 1367 138 1414 et
161 1356 223 1414 sine
246 1357 302 1432 quai
326 1355 396 1413 nihil
419 1355 528 1412 laudari
554 1366 657 1430 potest,
680 1366 774 1414 tamen
802 1356 888 1415 babet
902 1367 934 1416 tu

106 1453 205 1530 plures
224 1462 333 1528 partes3
361 1469 478 1527 quarum
503 1451 558 1508 ulia
578 1461 622 1508 est
642 1451 676 1508 ad
696 1452 888 1511 laudationem

109 1548 210 1624 aptior.
259 1549 332 1606 Sunt
350 1547 426 1605 enim
448 1547 509 1606 aliae
529 1547 656 1620 virtutes,
675 1567 738 1624 quae
757 1548 888 1607 videntur

108 1645 139 1702 in
166 1645 292 1702 moribus
318 1644 474 1715 hominum,
495 1654 524 1702 et
550 1645 671 1719 quddam
698 1645 832 1703 comitate
853 1663 888 1704 ao

108 1741 307 1813 beneficentiis,
321 1740 437 1817 posite3
460 1741 531 1813 alie,
545 1761 608 1817 que
622 1741 652 1800 in
666 1741 775 1819 ingenii
794 1743 888 1820 aliqui

109 1838 252 1910 facultate,
281 1848 329 1900 aut
362 1838 449 1895 animi
482 1838 678 1915 magnitudine
712 1858 745 1897 ao
777 1842 886 1900 robore.
902 1850 933 1900 15

108 1933 185 1992 Nam
206 1934 365 2006 elementia,
384 1933 503 2011 justitia,
524 1935 694 2011 benignitas,
715 1936 795 2008 lides,
810 1937 888 1995 lorti·

109 2031 178 2088 tudo
192 2031 221 2089 in
236 2030 369 2106 perieulis
390 2030 598 2101 communibus,
609 2031 737 2106 jueunda
752 2043 795 2090 est
809 2032 888 2090 audi·

109 2137 140 2184 tu
165 2127 193 2183 in
218 2125 442 2194 laudationibus;
473 2144 573 2181 omnes
598 2126 674 2182 enim
701 2126 745 2184 bae
769 2127 888 2185 virtutes

108 2241 168 2279 non
188 2231 247 2278 tam
268 2221 335 2295 ipsis
351 2220 399 2294 qui
412 2239 460 2278 eas
475 2221 504 2277 in
517 2240 549 2277 se
562 2220 676 2292 habeut,
690 2241 774 2296 quam
788 2222 887 2299 generi

109 2317 265 2388 hominum,
300 2316 450 2375 fructuosae
482 2326 624 2392 putantur.
680 2318 826 2393 Sapientia
857 2330 886 2378 et
901 2324 934 2376 20

108 2413 276 2491 magnitudo
290 2411 387 2484 animi,
401 2411 456 2488 qui
469 2430 569 2469 omnes
581 2430 627 2471 res
639 2412 770 2472 humanae
785 2424 886 2473 tenues

109 2521 138 2569 et
164 2529 216 2587 pro
241 2510 332 2567 nihilo
356 2518 506 2585 putantum
533 2520 562 2567 et
582 2508 611 2567 in
635 2509 824 2587 excogitando
843 2512 886 2570 vis

110 2606 237 2683 quedam
251 2606 369 2683 ingenii,
383 2615 412 2665 et
426 2605 486 2683 ipsa
504 2605 677 2680 eloquentia,
691 2606 885 2665 admirationis

108 2703 194 2761 babet
207 2722 263 2761 non
274 2702 378 2774 miuus,
389 2701 575 2778 jucunditatis
587 2700 698 2761 minus:
718 2702 794 2777 ipsos
807 2702 884 2759 enim

109 2798 200 2875 magis
218 2798 338 2871 videtur,
357 2816 427 2873 quos
446 2798 603 2869 laudamus,
618 2816 703 2873 quam
723 2797 797 2870 illos,
812 2796 886 2874 apud
900 2811 933 2862 π

109 2910 180 2969 quos
198 2892 355 2964 laudamus,
369 2910 470 2951 ornare
490 2912 524 2951 ae
539 2893 622 2951 tueri.
663 2894 721 2951 Sed
735 2904 841 2966 tamen,
855 2893 886 2953 iu

108 2988 262 3060 laudando,
291 2988 438 3065 jungenda
469 2998 534 3047 sunt
566 2989 652 3047 etiam
684 2990 747 3047 haee
779 3007 887 3067 genera

109 3083 261 3153 mutum:
282 3084 375 3145 lerunt
394 3083 471 3143 enim
491 3102 574 3144 aures
586 3084 744 3160 bominum,
757 3102 824 3147 oum
837 3082 888 3147 ills
