2184 3575
460 327 505 376 nn
525 326 690 374 onironn
878 326 972 387 [nnn

182 474 298 552 quidum
311 477 314 482 '
327 475 456 534 omnium
482 476 564 552 quusi
590 493 750 533 consensus
774 473 972 534 doctrinarum

183 582 399 647 concentusque
431 573 580 648 reperitur.
634 572 693 629 Sed
720 571 745 629 si
771 571 829 629 hoc
857 583 972 648 quoque

182 667 294 726 videtur
312 685 376 727 esse
398 669 491 740 nitius,
505 687 591 744 quum
612 679 644 726 ut
663 669 693 726 id
706 687 771 740 nos,
784 668 866 727 humi
878 669 971 742 strati,

182 765 329 842 suspicere
359 765 511 842 possimus,
541 765 613 822 illud
646 775 725 823 certe
758 774 865 837 tamen,
893 765 971 840 quod

152 861 304 937 omplexi
324 881 432 933 sumus,
453 861 528 936 quod
551 861 726 937 profitemur,
746 861 822 937 quod
843 861 971 937 suscepi·

181 976 255 1029 mus,
275 956 360 1016 ndsse
380 968 410 1014 et
429 967 528 1015 tenere
554 957 701 1014 debemus.
741 957 807 1014 Uno
826 968 871 1014 est
891 958 970 1019 enirn

182 1052 272 1130 (quod
286 1063 315 1111 et
334 1072 387 1130 ego
406 1053 540 1111 hesterni
561 1053 608 1110 die
627 1053 698 1124 diri,
717 1061 748 1110 et
768 1053 877 1128 aliquot
895 1053 970 1111 locis

182 1149 407 1208 antemeridiano
440 1161 573 1206 sermone
605 1149 777 1226 significavit
809 1149 968 1229 Antonius)

180 1245 352 1321 eloquentia,
380 1260 575 1322 quoscumque
607 1245 637 1303 in
670 1264 735 1303 orus
767 1245 971 1321 disputationis

136 1353 167 1402 10
179 1342 346 1420 regionesve
360 1342 454 1400 delata
466 1352 519 1400 est.
561 1341 648 1414 Num,
662 1342 722 1398 sire
735 1343 772 1399 de
786 1342 852 1400 coeli
865 1341 969 1400 nuturd

178 1438 314 1515 loquitur,
330 1439 389 1496 sive
402 1439 438 1497 de
452 1449 544 1511 terre,
559 1438 620 1496 sive
640 1438 675 1496 de
696 1438 792 1495 divind
806 1439 844 1510 vi,
858 1438 918 1495 sive
931 1439 969 1496 dc

180 1535 315 1609 humant,
336 1537 396 1594 sive
419 1555 455 1594 ex
481 1537 618 1594 inferiore
643 1536 719 1607 loco,
739 1536 800 1594 sive
819 1554 855 1593 ex
874 1553 968 1612 equo,

181 1633 241 1690 sivo
254 1652 290 1690 ex
304 1633 458 1708 superiore,
474 1632 534 1690 sive
554 1643 587 1689 ut
607 1632 734 1708 impellat
753 1633 894 1704 homines,
907 1633 970 1690 sivo

180 1739 213 1786 ut
227 1730 339 1801 docent,
354 1729 412 1785 sive
427 1738 457 1785 ut
471 1729 623 1799 deterrent,
638 1730 697 1786 sive
711 1739 741 1786 ut
756 1730 894 1803 concitet,
908 1729 969 1789 siro

135 1836 167 1886 15
181 1816 213 1883 nt
225 1826 364 1897 reflectat,
379 1826 439 1886 sive
459 1835 490 1883 ut
509 1826 656 1897 incendet,
677 1827 737 1884 sire
751 1836 783 1884 ut
795 1826 894 1900 leniat,
908 1827 969 1885 sive

181 1922 216 1980 ud
229 1940 347 1999 puuoos,
362 1922 421 1980 sive
436 1921 471 1979 od
486 1922 599 1993 multos,
614 1922 674 1979 sive
687 1922 762 1980 inter
776 1923 894 1996 alienos,
909 1924 969 1982 siro

180 2036 247 2077 oum
271 2018 340 2089 suis,
361 2018 421 2076 sive
444 2036 553 2089 secum,
574 2018 642 2076 rivis
665 2028 708 2076 est
728 2018 847 2077 diducto
865 2020 968 2093 oratio,

179 2132 239 2174 non
260 2115 404 2185 fontibus3
424 2124 463 2186 et,
480 2133 663 2189 quocumque
683 2116 853 2193 ingreditur,
867 2116 967 2176 eodem

177 2222 224 2297 est
237 2212 378 2270 instructu
391 2220 552 2287 ornatuque
565 2212 710 2271 comitatu

132 2318 165 2368 20
219 2305 431 2384 sedquoniam
453 2308 581 2384 oppressi
598 2309 657 2385 jum
675 2328 773 2368 sumus
786 2310 968 2387 opinionibus

179 2422 237 2462 uon
258 2405 345 2462 modo
365 2404 452 2481 vulgi,
472 2423 571 2463 verum
592 2406 679 2463 etium
699 2405 847 2464 hominum
867 2407 968 2467 leviter

179 2500 367 2573 eruditorum,
388 2501 447 2576 qui,
468 2520 532 2576 qum
556 2501 710 2577 complecti
729 2510 791 2559 totu
809 2513 965 2577 nequeunt,

178 2594 241 2655 huo
261 2594 374 2655 facilius
394 2598 505 2656 divulsa
524 2608 554 2654 et
573 2597 654 2671 quusi
674 2597 817 2672 discerpta
835 2608 966 2657 contrec·

179 2698 255 2763 tudt;
283 2694 391 2769 etqui,
412 2702 548 2769 tanquam
569 2694 604 2750 ob
629 2692 724 2749 animo
750 2710 864 2769 corpus,
884 2695 927 2751 sic
948 2714 965 2752 a

130 2798 164 2847 25
178 2782 328 2849 sententiis
349 2793 434 2849 verbe
454 2791 617 2867 sejungunt,
631 2804 752 2864 quorum
771 2791 834 2848 sine
846 2790 964 2850 interitu

177 2886 240 2945 fieri
267 2897 400 2945 neutrum
426 2896 521 2963 potest
528 2907 535 2957 ;
564 2904 622 2948 non
653 2885 808 2962 suscipiam
834 2888 964 2946 erutione

177 2982 243 3041 med
262 2982 336 3059 plus,
355 2998 439 3059 quum
460 2982 531 3041 mihi
552 2982 725 3060 imponitur:
746 2993 856 3042 tontum
876 2984 964 3063 signi·

177 3078 270 3139 ficubo
291 3078 379 3151 brevi,
400 3098 494 3156 neque
513 3082 665 3138 verborum
686 3089 817 3139 ornatum
841 3080 961 3139 inveniri

1080 3133 1089 3178 i
