2184 3575
132 359 225 421 nm]
416 361 459 409 un
480 363 644 410 onironn

503 511 640 573 “quamvis
649 509 793 572 bonnaipao
915 560 918 566 ,

200 588 301 638 Samnis
311 589 338 638 in
349 589 418 651 iudo,
428 604 457 638 ao
468 590 571 640 rudibus
581 590 663 639 ouivia
673 590 733 639 satia
743 604 814 654 uper
823 607 829 638 ι
839 588 854 609 ”

131 705 181 763 aed
195 705 259 780 plus
272 723 366 781 operm
381 705 443 762 soro
463 706 616 777 tribuebat,
631 705 741 779 taminia,
755 705 798 763 rei
816 705 918 764 frmiti-
929 733 943 752 ν

132 799 181 857 ari.
235 799 369 857 Valerius
402 799 529 874 quotidie
562 801 713 858 cantabat:
747 811 809 858 erat
839 799 916 858 enim

131 896 280 954 saenious:
308 896 378 972 quid
405 895 513 954 iaceret
540 897 638 954 aliudi
691 898 732 955 At
757 894 948 954 Numeriua5

130 991 245 1063 Furius,
266 1003 364 1051 noster
391 991 549 1064 familiaris,
570 1011 636 1049 oum
659 1003 703 1050 eat
723 993 916 1064 commodum,

130 1097 243 1145 cantat:
265 1097 308 1145 eat
328 1088 404 1145 enim
424 1089 638 1164 paterfamilias,
653 1099 697 1146 eat
709 1107 796 1165 eques
809 1089 917 1147 Roma·

130 1201 200 1240 nus:
221 1202 292 1258 puer
304 1183 418 1255 didicit,
432 1185 506 1258 quod
520 1184 691 1242 discendum
704 1185 766 1244 fuit.
805 1185 917 1243 Eadem

130 1278 204 1336 ratio
224 1279 388 1336 autharum
416 1280 517 1338 artium
544 1281 742 1339 maximarum.
795 1281 868 1340 Dina
887 1290 917 1340 et

131 1383 231 1431 noctes
251 1375 341 1432 virum
365 1376 477 1432 summd
497 1376 601 1434 virtute
621 1386 651 1434 et
669 1378 821 1452 prudentii
841 1374 963 1435 vida-1⁰

131 1469 242 1541 bamus,
256 1471 426 1547 philosopho
447 1489 512 1530 oum
532 1491 648 1548 operam
662 1473 752 1544 daret,
764 1472 805 1536 Q
820 1473 918 1531 Tuba-

131 1579 240 1625 ronem.
281 1567 322 1624 At
341 1567 405 1644 ejus
421 1569 596 1626 avunculum
620 1569 666 1626 vix
693 1569 868 1647 intelligeres
887 1569 917 1627 id

132 1680 225 1740 agere,
259 1681 326 1721 oum
360 1673 457 1740 ageret
489 1675 595 1737 tamen,
625 1665 803 1724 Africanum.
857 1665 918 1725 lata

131 1759 279 1818 discuntur
306 1759 400 1833 facile,
422 1760 446 1819 ai
466 1770 495 1820 et
514 1771 626 1819 tantum
652 1779 757 1833 aumas,
778 1772 916 1839 quantum

130 1871 202 1931 opus
217 1856 262 1928 sit,
277 1867 306 1914 et
320 1857 434 1927 habeas,
450 1859 498 1933 qui
512 1858 618 1915 dooere
638 1858 759 1916 fideliter
771 1860 872 1934 possit,
887 1869 917 1917 at
932 1861 963 1909 15

131 1952 205 2009 scias
225 1952 311 2009 etiam
332 1952 392 2028 ipae
412 1953 540 2011 discere..
574 1955 643 2025 Sed,
658 1955 682 2011 si
695 1955 758 2011 toti
771 1955 830 2012 vitu
843 1955 916 2013 nihii

130 2047 200 2104 velis
221 2047 297 2104 aliud
320 2066 413 2124 agere,
428 2048 490 2123 ipsa
508 2050 643 2107 tractatio
662 2060 691 2106 et
711 2050 831 2124 questio
848 2069 917 2125 quo·

131 2141 201 2199 tidie
221 2160 257 2199 aa
276 2160 308 2199 se
327 2142 427 2219 gignat
448 2134 564 2218 aliquid,
585 2146 661 2220 quod
682 2163 748 2202 cum
772 2145 917 2203 desidiosi

132 2236 322 2294 (intentatione
342 2238 471 2315 vestiges.
522 2238 569 2295 Ita
587 2239 629 2311 fit,
649 2250 680 2297 ut
700 2240 857 2317 agitatione
875 2260 918 2299 ro-

132 2349 195 2387 rum
216 2331 253 2389 ait
273 2330 384 2389 infinita
404 2332 549 2408 cogniti03
571 2332 744 2391 faciiiauans
756 2336 917 2395 doctrinam
931 2344 964 2395 20

132 2424 292 2495 confirmat,
317 2425 470 2483 mediocria
496 2444 584 2502 opera
609 2428 760 2501 tribuatur,
781 2431 918 2491 memoria

132 2520 315 2595 studiumque
340 2532 513 2596 permaneat
567 2522 653 2581 Libet
679 2535 773 2582 autem
806 2544 918 2603 semper

130 2618 258 2687 disoer03
279 2626 321 2688 ut,
336 2617 361 2674 si
375 2618 458 2675 velim
472 2636 528 2695 ego
542 2619 608 2676 talia
621 2620 729 2695 optime
746 2621 854 2694 ludera,
869 2633 919 2681 aut

131 2712 196 2789 pitu
210 2713 306 2771 studio
319 2723 427 2783 tenear,
441 2714 538 2787 etiam,
554 2714 683 2787 fortasse,
694 2716 719 2774 ai
734 2718 846 2793 assequi
858 2736 918 2779 non

131 2810 246 2885 possim.
298 2809 340 2867 At
360 2809 418 2881 aiii,
439 2810 507 2885 quia
532 2812 669 2886 praeclara
696 2812 816 2886 faciunt,
836 2816 920 2873 reha-
932 2826 964 2875 25

132 2904 266 2977 mentius,
294 2923 378 2980 quam
393 2924 493 2979 ¹ouum
519 2907 652 2983 postulat,
677 2909 866 2981 deleotantur,
886 2922 919 2970 ut

133 2998 232 3057 Titius
251 3000 319 3076 pita,
334 3000 433 3059 Brulla'
452 3003 530 3060 taliu-
566 3003 668 3065 Quare
688 3005 761 3063 nihil
774 3016 828 3078 aut,
841 3007 918 3081 quod

133 3094 285 3173 quitquam
316 3097 544 3176 magnitudinem
579 3099 682 3159 artium
707 3118 744 3160 ex
769 3120 816 3177 ao,
841 3101 919 3179 quod
