2184 3575
125 341 208 405 nn]
408 344 452 393 ns
474 344 637 393 oanronn.
917 337 958 397 2⁷

125 506 248 573 gestum,
262 504 410 572 spectante
430 495 559 553 Roscio:
581 496 644 571 quis
664 495 742 552 enirn
757 513 821 553 sese
834 513 912 553 eorn-

126 611 240 649 movere
258 602 360 668 potest,
376 592 457 668 eujus
478 593 525 651 ille
545 593 615 650 vitia
634 611 692 649 non
706 592 820 649 videatl
859 592 913 649 Sia

127 706 183 765 ego
203 708 289 762 nune,
310 689 416 747 Crasso
444 690 588 760 audiente,
607 690 730 765 primum
754 689 854 763 loquer
874 688 910 746 de

129 784 248 856 facetiis,
275 796 304 843 et
332 785 446 842 docebo
480 804 538 855 sus,
567 784 613 862 (ut
646 785 738 863 aiunt)
767 797 910 842 oratorem

127 899 202 951 eum,
214 901 297 956 quens
313 900 378 939 oum
393 882 514 939 Catulus
525 900 615 956 nuper
627 880 761 952 audisset,
774 887 792 913 “
803 880 910 938 frenum
923 888 943 937 5

127 978 219 1035 alios’'
236 978 330 1035 aiebat
342 984 360 1010 “
370 997 433 1035 esse
443 979 602 1053 oportere.''
631 977 710 1033 Tum
721 977 777 1049 ille,
790 976 910 1035 locaba-

125 1084 181 1144 tur,
194 1074 296 1149 inquit,
308 1074 439 1145 Catulus,
449 1073 606 1150 presertim
617 1092 684 1131 earn
698 1074 738 1131 ita
749 1074 827 1131 dieat
838 1074 909 1149 ipse,

126 1182 158 1227 nt
179 1170 321 1227 ambrosii
345 1170 464 1227 alendus
491 1187 554 1227 esse
580 1169 725 1227 rideatur:
752 1188 850 1227 rerum
871 1181 909 1241 te,

124 1260 235 1337 (laesrd,
258 1267 416 1335 audiamus,
437 1276 468 1322 ut
490 1266 524 1322 ed
546 1266 668 1323 Antonii
688 1266 798 1340 reliqua
813 1266 912 1323 redea-

126 1380 200 1417 mus.
255 1360 299 1418 Et*
326 1361 480 1434 Antonius,
514 1361 663 1435 Perpauoa
694 1361 808 1435 quidem
841 1362 911 1419 milri
925 1368 960 1418 1⁰

126 1466 245 1525 restent,
267 1457 374 1531 inquit:
395 1456 445 1513 sed
465 1466 571 1527 tamen,
592 1456 720 1513 defessus
736 1458 795 1532 jarn
814 1457 912 1516 labore

125 1563 213 1628 atque
240 1552 342 1609 itinere
369 1552 580 1627 disputationis,
600 1552 777 1627 requiescam
797 1552 828 1609 in
849 1552 912 1609 Cas·

125 1648 199 1705 saris
225 1666 366 1720 sermone,
394 1648 476 1724 quasi
510 1648 539 1705 in
573 1648 668 1724 aliquo
699 1659 912 1725 peropportuno

127 1744 295 1804 deversorio.

165 1938 272 1998 LVIII.
304 1940 403 2017 Atqui,
423 1940 516 2016 inquit
537 1939 641 2012 Julius,
662 1959 722 1997 non
741 1940 828 1998 nimis
840 1940 909 1998 libe-
925 1942 959 1993 15

126 2035 185 2091 rale
210 2036 364 2112 hospitium
391 2055 486 2094 meum
514 2037 704 2112 dices-,narn
724 2047 753 2094 te
773 2037 803 2093 in
824 2037 908 2108 viam,

127 2131 211 2188 simul
243 2151 278 2188 ao
309 2131 507 2208 perpaululum
539 2133 673 2209 gestitis,
701 2132 848 2190 extrudam
881 2140 911 2189 et

127 2227 250 2303 ejiciens

167 2323 223 2392 Ae,
250 2341 287 2379 ne
313 2321 420 2379 diutins
446 2341 496 2380 ros
521 2323 663 2394 demorer,
688 2323 724 2380 de
749 2323 828 2380 omni
855 2323 910 2382 isto
943 2363 946 2367 J

127 2437 233 2495 genere
252 2418 320 2494 quid
340 2417 472 2489 sentiam,
485 2420 658 2494 perbreviter
676 2438 824 2496 exponam.
864 2420 909 2478 De
925 2429 957 2478 20

127 2515 185 2571 risu
206 2515 331 2590 quinque
352 2524 427 2585 stant,
445 2533 510 2589 quae
531 2527 707 2590 quaerentum
729 2535 827 2588 unum,
841 2517 910 2591 quid

127 2611 180 2668 sit:
203 2611 332 2682 alterurn,
354 2611 430 2669 unde
451 2611 503 2668 sit:
531 2612 657 2684 tertium,
675 2613 752 2671 sitne
778 2614 909 2685 oratoris,

128 2706 198 2764 velle
219 2708 307 2764 risum
327 2725 457 2764 movere:
486 2719 627 2782 quartum,
652 2710 808 2784 quitenos:
829 2710 910 2784 quin-

124 2813 197 2874 turn,
225 2823 287 2878 quae
314 2803 371 2860 sint
398 2821 505 2880 genera
532 2805 656 2862 ridiculi.
710 2805 806 2880 Atque
839 2804 909 2862 illud

125 2900 258 2975 primurn,
273 2899 342 2974 qnid
359 2899 399 2956 -sit
419 2899 479 2974 ipse
499 2899 583 2968 risus,
603 2919 660 2976 qao
678 2911 764 2976 paeto
784 2900 910 2959 oonoite-
925 2909 958 2958 25

122 3005 183 3065 tur,
198 2995 247 3052 ubi
267 2995 314 3066 sit,
329 2995 472 3070 quomodo
493 2995 618 3066 exsistat,
634 3007 718 3071 atque
738 2997 779 3054 ita
793 3007 910 3072 repente

122 3101 265 3168 erumpat,
279 3101 311 3150 ut
324 3109 389 3150 eum
404 3091 554 3170 cupientes
567 3103 665 3151 tenere
682 3111 867 3171 nequeamus,
880 3101 911 3150 et
