2184 3575
141 348 182 407 52
461 362 504 409 us
526 360 690 408 cursous.
889 356 975 417 [nn.

187 515 234 564 ru'e
253 508 431 583 potissimum
447 520 567 584 partem,
581 527 644 584 quae
658 504 780 564 maxime
793 522 975 563 commovere

189 601 299 658 animos
313 602 459 659 homiuum
473 612 576 677 potest,
591 602 715 660 consero,

228 698 347 757 Summo
370 698 492 772 denique
516 698 600 774 hujus
627 698 740 775 generis
767 697 829 753 haec
851 706 904 767 cst,
928 705 973 767 ut,

189 791 213 848 si
234 792 263 849 in
283 792 439 849 refellendo
467 792 627 850 adversario
653 792 760 849 firmior
787 810 849 847 esse
868 790 973 861 oratio,

159 897 273 963 uquam
307 888 336 945 in
370 889 571 945 confirmandis
605 888 710 944 nostris
744 888 839 958 rebus,
867 897 974 961 potest,

188 982 290 1055 omniu¹
299 982 327 1039 in
342 983 420 1039 illum
436 983 580 1039 conferam
595 983 668 1051 tela;
689 983 734 1039 sin
747 995 846 1039 nostra
859 981 975 1038 facilius

188 1078 312 1153 probari,
337 1098 421 1153 quum
445 1079 493 1135 illu
516 1078 649 1154 redargui
675 1088 804 1153 possunt,
829 1077 975 1133 ebducere

190 1172 300 1229 animos
325 1192 341 1231 a
364 1174 508 1231 contrariu
534 1173 709 1244 defensione,
734 1183 763 1229 et
787 1173 822 1229 ud
845 1182 975 1228 nostrum

190 1286 277 1325 conor
291 1269 449 1326 traducere.

145 1376 176 1426 1⁰
229 1364 294 1421 Duo
327 1365 451 1440 denique
484 1366 542 1437 illu,
570 1384 633 1441 quae
665 1365 803 1423 facillima
830 1364 974 1434 videntur,

192 1459 340 1537 (quoniam
368 1480 429 1536 quae
457 1463 619 1519 difficiliore
647 1473 723 1532 sunt,
749 1480 809 1517 non
841 1461 972 1537 possum)

190 1555 261 1613 mihi
280 1574 331 1631 pro
351 1575 416 1613 meo
433 1558 497 1632 jure
511 1576 610 1613 sumo:
632 1575 730 1626 unum,
744 1566 777 1612 ut
790 1556 910 1612 molesto
925 1564 974 1612 aut

190 1650 301 1707 difficili
322 1662 498 1727 argumento,
514 1662 563 1709 aut
576 1652 652 1721 loco,
667 1669 869 1725 nonnunquam
884 1650 975 1707 omni·

190 1762 230 1803 no
249 1746 320 1803 nihil
340 1746 541 1822 respoudeam3
563 1747 639 1822 quod
660 1746 778 1804 forsitan
798 1746 974 1822 uliquisjure

146 1857 177 1906 15
192 1842 326 1899 irriserit:
348 1843 411 1917 quis'
424 1843 500 1900 enim
515 1854 567 1912 est,
579 1844 628 1917 qui
642 1843 671 1900 id
685 1843 780 1900 facere
794 1861 852 1899 non
867 1841 973 1918 possitt

130 1962 132 1971 ἰ
191 1937 242 1994 sed
262 1947 357 1995 tamen
377 1957 432 2014 ego
452 1939 488 1995 de
508 1940 574 1996 mei
597 1958 684 2009 nunc,
705 1957 765 1996 nou
785 1939 822 1994 de
843 1938 972 2008 aliorum,

192 2033 327 2092 facultate
363 2035 485 2109 disputo,
524 2035 719 2108 confiteorque
756 2053 813 2105 me,
849 2033 874 2090 si
910 2052 973 2107 quoe

190 2141 301 2206 premat
326 2149 371 2187 res
394 2130 599 2204 vehementius,
623 2131 664 2188 ita
690 2131 793 2187 cedere
817 2131 918 2200 solere,
942 2139 974 2187 ut

190 2245 248 2285 nou
273 2227 357 2284 modo
381 2245 439 2284 non
465 2227 586 2302 abjecto,
611 2227 661 2283 sed
685 2246 722 2283 ne
736 2227 844 2302 rejecto
858 2225 973 2300 quidem

145 2339 177 2388 ω
191 2333 283 2393 scuto,
305 2323 401 2399 firgere
422 2323 534 2392 videur3
556 2323 606 2379 sed
627 2323 762 2379 adhibere
781 2322 924 2397 quandam
944 2320 973 2377 iu

192 2417 315 2474 dicendo
335 2419 460 2493 speciem
482 2429 566 2492 utque
581 2437 724 2492 pompam,
737 2426 768 2472 et
780 2436 884 2493 pugnae
898 2416 974 2473 sirni-

192 2513 247 2570 lem
263 2513 374 2589 fugam;
397 2514 553 2570 consistere
566 2532 634 2569 vero
648 2513 676 2568 in
692 2531 756 2569 meo
774 2512 907 2588 praesidio
921 2511 973 2582 sic,

192 2619 295 2665 utnon
317 2609 445 2684 fugiendi
466 2609 565 2678 hostis,
580 2610 630 2664 sed
651 2608 783 2682 capiendi
804 2609 871 2677 loci,
887 2607 974 2666 coust

193 2704 311 2761 cessisse
339 2706 443 2762 videar.
485 2705 617 2760 Alterum
644 2714 687 2760 est
713 2703 792 2776 illud,
819 2705 894 2779 quod
921 2722 974 2779 ego

146 2815 178 2866 25
192 2801 298 2857 oratori
317 2801 440 2858 maxime
460 2800 619 2858 cavendum
633 2809 662 2857 et
674 2800 880 2875 providendum
896 2809 973 2874 puto,

192 2896 325 2970 quodque
345 2915 390 2953 me
411 2895 565 2952 sollicitare
585 2915 695 2952 summe
721 2895 810 2952 solet:
838 2911 896 2951 non
917 2903 975 2951 tum

192 3002 225 3049 ut
245 2991 348 3067 prosim
376 2991 480 3061 causis,
500 2991 646 3049 elaborare
670 2992 759 3059 soleo,
780 3008 865 3063 quam
887 3000 975 3046 utne
1082 3000 1083 3055 t

193 3087 261 3174 quid
275 3085 383 3144 obsim:
404 3105 462 3144 nou
476 3087 545 3162 quin
562 3087 727 3145 enitendum
742 3087 779 3142 sit
793 3085 822 3141 iu
837 3095 973 3159 utroquc;
