2184 3575
127 321 167 380 ou
395 331 400 346 ¹
446 333 493 380 nn
513 333 675 382 cannono
862 330 956 394 [unt

213 479 249 538 V.
279 480 318 539 Ut
350 482 437 560 igitur
471 495 537 542 ante
570 485 720 542 meridiem
755 484 957 554 mmmm

173 579 376 654 paululumque
409 581 584 656 requierunt,
613 583 642 639 in
668 582 768 657 primis
800 582 857 638 ho'c
883 599 901 637 a
925 596 958 636 se

174 675 261 732 Cotta
287 677 513 735 animadversum
540 697 604 734 esse
630 678 755 749 dicebat,
775 690 861 734 omne
886 672 958 732 ittet

173 773 493 847 tempusmeridianum
514 768 650 830 Crassum
670 774 701 830 in
720 773 858 830 acerrime
873 783 958 846 atque

143 868 361 926 esttentiuima
382 869 558 945 cogitatione
583 869 728 944 posuisoe3
756 885 885 942 seseque,
907 865 956 942 qui

174 963 282 1020 auitum
296 964 367 1039 ejus,
383 983 448 1021 cum
463 963 490 1022 ei
504 960 660 1022 dicendum
671 974 756 1034 esset,
770 964 958 1036 obtutumque

174 1058 323 1116 oculorum
343 1059 557 1136 incogitando,
580 1060 669 1134 probe
694 1058 800 1130 nosset,
822 1069 907 1132 atque
927 1058 957 1116 iu

174 1153 305 1211 maximis
320 1154 420 1222 ,causis
439 1173 516 1232 saepe
534 1156 661 1226 vidisset,
675 1165 735 1212 tum
750 1154 848 1211 dedite
860 1153 957 1228 opera,

173 1248 386 1322 quiescentibus
408 1251 480 1321 aliis,
496 1251 603 1308 ineam
625 1251 778 1308 exhedram
791 1249 912 1320 venisse,
926 1249 957 1306 in

130 1355 161 1406 1⁰
174 1345 372 1419 qui‹Crassus
392 1345 498 1405 lectulo
518 1347 612 1422 posito
631 1347 820 1417 recubuisset,
834 1354 957 1420 cunique

173 1459 240 1498 eum
254 1441 283 1498 in
297 1441 474 1518 cogitatione
485 1443 611 1500 defixum
624 1461 687 1499 esse
703 1443 847 1513 sensisset,
861 1441 957 1499 statim

174 1537 335 1608 recessisse,
358 1548 441 1612 atquo
462 1537 491 1594 in
512 1557 548 1594 eo
568 1538 683 1596 silentio
703 1538 774 1595 duos
788 1537 878 1594 ⁴horas
897 1537 957 1594 iere

174 1651 237 1690 esse
257 1643 428 1690 consumtus.
450 1665 452 1674 =
469 1633 593 1705 Deinde,
607 1653 674 1690 cum
694 1651 803 1705 omnes,
818 1633 957 1691 inclinato

171 1727 230 1804 jam
250 1728 279 1784 in
299 1728 526 1805 pomeridianum
548 1740 659 1806 tempus
678 1730 735 1801 die,
756 1730 902 1786 venissent
921 1728 957 1786 ed

130 1837 161 1886 15
175 1824 323 1896 Crassum,
363 1826 449 1888 Quid
487 1837 540 1898 est,
573 1825 686 1897 Crasse,
720 1826 814 1901 inquit
852 1822 956 1898 Julius,

175 1920 286 1979 imusne
312 1940 419 1979 sessum
428 1924 444 1979 t.
473 1922 527 1979 etsi
555 1923 736 1987 ,admonitum
762 1922 892 1981 venimus
916 1932 956 1994 to,

174 2017 411 2095 uon-flagitatum.

212 2114 291 2172 Tum
311 2116 441 2186 Crassus,
462 2114 511 2172 An
531 2124 655 2180 metum
675 2114 871 2191 impudentem
893 2128 956 2173 esse

173 2210 350 2282 existimatis,
364 2221 395 2269 ut
408 2211 488 2267 vobis
501 2211 558 2268 hoc
571 2211 728 2287 presertim
742 2230 846 2268 munus
858 2220 957 2286 putem

127 2317 159 2369 2⁰
173 2306 280 2364 diutius
301 2326 384 2382 posse
410 2308 535 2365 deberet
588 2308 720 2369 Quinam
746 2307 843 2383 igitur,
864 2306 957 2382 inquit
988 2345 991 2350 »

173 2401 231 2473 ille,
245 2402 346 2461 locust
368 2395 403 2460 a'n
418 2404 447 2460 in
462 2402 558 2462 media
573 2403 644 2460 silvi
657 2403 772 2479 placet?
812 2402 866 2459 Est
878 2402 956 2461 enim

173 2496 197 2555 is
217 2500 339 2567 maxime
359 2508 388 2556 et
407 2517 523 2575 opacus,
541 2509 571 2555 et
592 2498 719 2575 frigidos.
761 2497 848 2568 Sane,
862 2483 956 2571 inquit

172 2592 309 2652 Crassus:
330 2594 436 2651 etenim
450 2605 493 2651 est
506 2595 536 2651 in
550 2612 587 2652 eo
599 2593 666 2651 loco
678 2593 761 2649 sedes
774 2590 842 2649 huic
856 2602 956 2649 noetio

172 2706 230 2745 non
245 2688 435 2765 inopportuna
448 2690 580 2747 sermoni.
621 2688 697 2745 Cum
711 2687 865 2763 placuisset
877 2687 955 2758 idem

126 2800 158 2851 ἦ
172 2784 285 2856 ceteris,
306 2785 336 2843 in
357 2786 455 2843 silvam
481 2785 603 2855 venitur,
630 2793 660 2840 et
684 2784 735 2856 ibi,
755 2782 861 2861 magni
886 2801 954 2843 cum

173 2880 307 2939 audiendi
320 2880 541 2957 exspectatione,
556 2879 725 2938 conciditur.

210 2976 290 3033 Tum
310 2976 440 3049 Crassus,
454 2976 706 3035 Cum‘ouctoritae
726 2974 955 3053 etqueamicitia

172 3082 274 3146 vestra,
288 3081 349 3132 tum
363 3071 483 3131 Antonii
497 3071 619 3155 facilitas
637 3072 752 3151 eripuit,
766 3072 868 3151 inquit,
881 3070 953 3131 mim
