2184 3575
129 349 222 413 nnn]
411 351 455 400 nn
478 351 643 399 naaman
924 339 964 398 ut

128 510 197 558 sunt
215 500 406 573 concidenda,
422 501 446 558 si
466 501 603 558 Crassum
617 499 660 558 vis
679 503 833 558 coercere:
853 497 918 558 brec

128 596 184 654 tibi
197 607 241 655 est
254 598 413 655 excidenda
426 598 540 688 liugua3
563 598 619 672 qul
633 597 677 654 uel
694 596 802 667 evutst,
817 597 918 673 spiritu

131 692 194 770 ipsc
206 694 353 753 libidinem
368 705 447 753 tuam
461 696 578 752 libertas
591 713 657 752 mea
668 693 833 752 refutabit'’

169 886 207 946 Il.
239 887 385 946 Permulta
417 899 478 946 tum
511 889 763 949 vehementissimi
800 883 931 948 conteu-¹

128 983 209 1043 tione
237 985 335 1057 animi,
356 985 476 1062 ingenii,
496 985 610 1059 virium,
632 989 668 1045 ab
691 1007 726 1056 eo
751 988 830 1045 dicta
855 994 948 1045 esse5

128 1083 295 1152 constabat;
330 1083 557 1158 sententiamque
590 1102 664 1155 eam,
689 1104 773 1159 quam
801 1093 917 1141 seramus

129 1177 264 1252 frequens
283 1189 400 1234 secutus
419 1188 463 1235 est
486 1180 675 1236 ornatissimis
695 1189 724 1237 et
743 1179 918 1257 gravissimis

129 1273 233 1344 verbis,
249 1273 315 1330 “Ut
328 1273 434 1350 populo
449 1274 585 1330 Romano
599 1275 757 1347 satisfieret,
771 1295 918 1351 nunquam

129 1368 246 1426 seiratfrs
260 1388 353 1443 neque
367 1369 521 1426 consilium
535 1370 710 1445 reipublicae,
725 1391 819 1445 neque
832 1372 917 1429 fidem

129 1463 283 1534 defuisse‚”
301 1465 336 1520 ab
350 1481 385 1522 eo
398 1463 521 1521 dictam:
542 1475 572 1521 et
585 1465 708 1521 eundem
728 1465 772 1539 (id
792 1468 865 1540 quod
888 1467 964 1524 iu10

129 1559 348 1617 auctoritatibus
373 1560 546 1636 prescriptis
572 1563 678 1641 exstat)
702 1562 855 1622 scribendo
880 1562 918 1620 af

128 1655 224 1716 fuisse.

106 1759 110 1766 “
167 1752 222 1812 Illa
234 1763 370 1832 tanquam
386 1773 494 1833 cycnea
510 1753 562 1813 fuit
576 1755 665 1814 divini
681 1755 806 1815 bominis
819 1775 874 1815 vox
887 1766 916 1816 et

127 1855 229 1924 oratio,
244 1872 329 1929 quam
343 1853 424 1929 quasi
443 1863 652 1929 exspectantes,
666 1863 732 1929 post
744 1854 806 1928 ejus
820 1855 917 1912 iuteri-

128 1952 188 2007 lum
209 1950 394 2007 veniebamus
421 1950 449 2007 in
477 1950 597 2021 curiam,
620 1960 651 2006 ut
671 1951 821 2027 vestigium
845 1952 916 2008 illud
933 1952 963 2001 15

128 2044 231 2122 ipsum,
253 2046 282 2103 in
307 2066 363 2120 quo
391 2046 438 2104 ille
464 2057 640 2121 postremum
668 2046 827 2118 institisset,
848 2053 917 2103 conss

127 2150 281 2198 tueremur.
323 2140 457 2214 Namque
478 2150 536 2197 tum
558 2141 633 2197 latus
647 2140 674 2198 ei
688 2141 796 2197 dicenti
811 2142 917 2200 condo-

128 2235 225 2307 luisse,
254 2236 444 2310 sndoremque
474 2236 594 2292 multum
629 2247 817 2294 consecutum
842 2255 915 2309 esse,

130 2330 332 2389 audiebamus:
367 2348 403 2388 ea
429 2350 486 2405 quc
517 2350 584 2387 cum
618 2331 821 2404 cohorruisset,
849 2352 916 2391 cum

128 2427 201 2486 febri
235 2428 350 2485 alonium
392 2427 487 2498 rediit,
521 2428 626 2503 dieque
664 2429 786 2503 septimo
819 2430 916 2489 lateris
931 2442 962 2493 2⁰

127 2524 226 2582 dolore
254 2536 421 2582 consumtus
450 2532 502 2581 est.
543 2522 573 2584 Ο
603 2524 735 2581 fallacem
767 2524 915 2584 hominum

128 2638 217 2697 spem,
242 2620 428 2697 fragilemque
453 2620 606 2691 fortunam,
628 2630 658 2678 et
681 2621 782 2679 inatres
805 2632 916 2682 nostrae

128 2716 346 2777 contentiones!
374 2734 437 2792 qua
458 2716 488 2773 in
507 2715 606 2773 medio
626 2715 718 2791 spatio
741 2736 816 2793 saepe
843 2718 913 2777 frau·

128 2825 244 2891 guntur,
271 2822 301 2870 et
327 2821 475 2884 corruunt,
503 2822 532 2868 et
562 2821 638 2883 ante,
665 2811 695 2869 in
722 2812 785 2888 ipso
817 2832 912 2889 cursu,

129 2908 298 2981 obruuntur,
320 2926 404 2985 quam
424 2918 538 2984 portum
559 2909 728 2985 conspicere
751 2921 963 2986 potueruntne

128 3004 217 3077 Nam,
232 3006 367 3085 quamdiu
382 3004 479 3063 Crassi
493 3004 546 3062 fult
564 3005 729 3068 ambitionis
748 3007 845 3066 labore
858 3009 915 3069 vita

125 3100 269 3174 ilistricta,
281 3102 392 3161 tamdiu
412 3102 529 3181 privatis
543 3102 636 3181 magis
647 3102 751 3163 officiis
762 3112 794 3162 et
806 3104 916 3183 ingenii

208 3216 274 3258 von.
289 3218 320 3259 n.
438 3198 458 3257 Θ
