2184 3575
133 320 161 376 ι.
170 329 225 390 111.]
415 329 459 378 nn
482 326 644 378 onerose.
924 319 967 380 98

131 495 229 554 posse,
242 495 300 536 nun
314 477 425 554 partitis
438 477 635 554 expressisque
652 475 921 554 meruisseque

133 593 199 632 esse
219 573 305 632 ullam
325 574 498 632 sententium
516 574 655 630 illustrem
669 573 732 630 sine
744 572 810 630 lune
823 573 922 634 verbn-

135 687 207 728 rum.
248 669 317 741 Sed,
336 669 500 746 priusquam
520 669 570 727 ills
589 687 678 726 eonor
698 669 849 744 attingere,
861 668 922 745 qui·

136 764 190 824 bus
216 767 375 825 orationem
401 765 498 826 ornsri
523 776 606 841 atque
632 764 787 822 illuminari
814 779 921 840 putem,

135 861 292 938 proponens
320 862 451 934 breviter,
479 861 550 937 quid
576 860 699 919 sentium
725 860 762 918 de
788 860 951 924 universos

135 975 241 1034 genere
255 957 380 1018 dicendi.

174 1149 242 1208 vll.
273 1149 387 1215 Natura
405 1150 484 1210 nulls
504 1159 557 1220 est,
579 1159 610 1208 ut
629 1149 700 1207 mihi
719 1148 841 1220 ridetur,
858 1167 922 1224 qum

136 1263 195 1304 non
210 1245 314 1303 habeat
327 1245 356 1302 iu
371 1265 423 1302 suo
437 1263 543 1324 genere
557 1264 603 1302 res
623 1245 782 1320 complures
801 1245 924 1316 dissimi-

137 1342 180 1400 les
200 1341 274 1406 inter
294 1359 334 1412 re,
349 1360 411 1415 quse
425 1351 520 1400 tamen
541 1340 686 1399 consimili
705 1341 789 1400 leude
803 1341 923 1418 dignen·
945 1371 952 1380 v

137 1449 192 1496 tur.
246 1436 322 1494 Nem
343 1447 371 1494 et
392 1437 508 1496 auribus
531 1436 621 1494 multu
646 1437 830 1511 percipimus,
848 1453 968 1512 que,1o

138 1532 193 1591 etsi
207 1551 259 1591 nos
275 1531 423 1612 [vocibus]
436 1533 591 1603 delectent,
602 1543 699 1590 tumen
712 1532 753 1590 itu
765 1543 833 1590 sunt
845 1533 923 1590 veris

137 1647 222 1704 sepe,
237 1639 268 1686 ut
288 1629 328 1701 id,
349 1629 423 1704 quod
443 1629 604 1704 proximum
625 1628 734 1700 sudias,
751 1628 923 1705 jucundissi-

137 1743 215 1784 mum
237 1743 299 1784 esse
320 1725 464 1785 rideatur:
486 1735 515 1784 et
535 1725 628 1784 oeulis
648 1725 822 1803 colliguntur
836 1741 923 1802 ,pene

137 1822 360 1884 innumerabiles
380 1823 549 1900 vuluptates,
569 1840 633 1898 que
656 1840 710 1880 nos
733 1822 774 1881 itu
793 1822 921 1898 eupiunt,

137 1928 170 1977 ut
189 1936 279 1977 unum
298 1938 413 1977 sensum
434 1918 566 1980 dissimili
586 1938 691 1995 genere
710 1918 869 1988 delectent3
893 1929 922 1977 et
936 1923 968 1971 15

137 2015 262 2090 reliquos
282 2034 382 2073 sensus
397 2014 557 2089 voluptates
574 2015 720 2073 oblectent
739 2014 877 2089 dispares,
891 2024 923 2072 ut

138 2111 175 2171 rit
195 2110 312 2169 difficile
329 2110 470 2186 judicium
497 2109 665 2169 excellentis
686 2109 811 2167 maxime
832 2108 924 2167 sueri·

139 2206 213 2265 rutis
802 2257 805 2263 ,

178 2301 219 2359 At
245 2300 302 2359 hoe
327 2299 413 2370 idem,
440 2298 514 2374 quod
548 2310 593 2357 est
618 2298 649 2356 iu
675 2298 785 2357 nutriris
816 2316 921 2371 rerum,
939 2336 952 2366 ,-

138 2397 284 2455 transferri
303 2405 396 2472 potest
415 2395 502 2453 etiem
522 2394 559 2452 ud
579 2404 661 2453 artes.
713 2394 779 2452 Uus
797 2395 923 2472 tingendi
936 2404 968 2455 m

138 2503 183 2551 est
203 2512 258 2563 ers,
280 2492 309 2549 iu
330 2492 388 2567 qui
406 2500 574 2566 prestantes
594 2491 708 2549 luerunt
726 2490 821 2567 Myro,
841 2492 925 2568 Poly·

138 2590 240 2660 elutus,
260 2588 417 2664 Lysippus;
439 2586 488 2662 qui
507 2604 608 2646 omnes
627 2587 700 2647 iuter
720 2606 751 2645 se
771 2586 924 2647 dissimiles

138 2687 271 2756 suerunt;
297 2685 348 2743 sed
376 2684 415 2742 itu
441 2694 548 2754 temen,
568 2691 600 2742 ut
625 2685 769 2741 neminem
789 2684 835 2743 sui
854 2685 923 2745 velis

138 2800 201 2841 esse
215 2781 392 2841 dissimilem.
432 2780 496 2839 Une
516 2788 559 2837 est
580 2798 625 2836 urs
644 2780 774 2854 ratioque
793 2781 922 2856 picturis,

140 2876 379 2951 dissimillimique
402 2886 498 2933 tumen
523 2876 597 2933 inter
620 2894 652 2933 se
675 2875 793 2946 Zeuxis,
816 2875 968 2952 Agim-55

139 2972 227 3052 phun,
246 2971 381 3048 Apelles:
402 2989 494 3047 neque
514 2990 614 3029 eurum
633 2970 783 3045 quisqusm
803 2981 856 3042 est,
875 2971 923 3034 eui

139 3068 295 3147 quidquem
314 3068 346 3127 in
369 3077 428 3125 erte
454 3068 507 3127 sui
532 3066 632 3127 deesse
652 3066 788 3127 ridentur.
829 3067 879 3140 Et,
896 3066 923 3125 ri
