2184 3575
128 340 219 406 cru]
407 343 450 392 on
472 345 637 394 cannono„
885 328 955 394 rat

127 487 206 547 tinus
232 489 365 568 Gorgias,
393 511 450 568 qun
475 502 599 568 patrono
625 494 671 569 <ut
697 492 779 551 Plato
804 491 907 573 voluit)

126 585 297 662 philosopho
323 588 477 646 succubuit
501 599 606 662 orator,
630 588 680 664 qui
707 599 756 646 sut
780 608 839 647 non
864 599 909 647 est

127 680 220 738 victus
245 701 369 759 unquam
403 702 420 741 a
452 685 582 756 Socrate,
608 703 703 759 neqtm
734 703 829 742 sermo
861 685 909 744 ille

127 775 255 835 Platonis
268 797 351 836 verus
366 789 425 850 est;
447 791 505 852 aut,
520 779 544 838 si
558 790 602 838 est
613 781 716 852 rictus,
729 780 909 856 eloquentior

126 872 259 931 videlicet
286 875 340 933 fuit
366 884 395 934 et
421 875 552 934 disertior
583 877 727 948 Socrates,
753 887 792 948 et,
819 887 851 934 ut
876 883 939 934 tut

127 969 260 1044 appellas,
276 971 418 1046 copiosior
432 981 462 1028 et
474 971 575 1029 melior
588 983 692 1030 orator.
733 973 791 1030 Sed
805 972 863 1044 hio,
877 973 908 1030 in

125 1064 174 1123 illo
194 1065 257 1140 ipso
276 1066 405 1124 Platonis
423 1067 507 1138 libro,
522 1067 559 1124 ds
575 1067 653 1125 omni
666 1087 708 1138 re,
721 1067 908 1144 quascumque

125 1159 156 1217 in
176 1160 412 1236 disceptationem
439 1163 680 1238 quaestionemque
698 1175 856 1235 vocaretur,
876 1183 909 1222 se

127 1255 323 1330 copiosissime
355 1257 498 1316 dicturum
531 1275 594 1316 esse
626 1259 790 1334 profitetur;
827 1259 908 1335 isque

126 1351 259 1428 princeps
284 1370 320 1410 ex
346 1353 479 1411 omnibus
510 1373 596 1413 ausus
628 1363 672 1412 est
703 1354 734 1412 in
766 1366 908 1414 conventu
923 1361 953 1412 tt

125 1465 253 1522 poscere,
275 1448 332 1523 qni
355 1450 391 1508 de
414 1467 445 1506 rs
469 1449 588 1525 quisque
611 1449 695 1508 vellet
718 1450 831 1509 audire:
860 1451 909 1509 cni

125 1552 222 1600 tantus
245 1544 336 1602 honos
359 1545 473 1604 habitus
496 1555 540 1604 est
564 1563 581 1603 a
602 1545 726 1617 Grecit,
747 1545 801 1604 soli
820 1555 853 1605 nt
873 1565 909 1606 ex

124 1639 268 1711 omnibus,
302 1639 432 1715 Delphis,
465 1659 524 1698 non
561 1640 691 1700 inaurata
722 1651 824 1714 statua
857 1642 908 1700 sed

126 1753 221 1813 aures,
238 1744 427 1796 *statueretuc
480 1733 578 1813 Atque
601 1737 632 1810 ii,
656 1755 727 1814 quos
746 1726 907 1811 *nominavi

125 1831 263 1907 multique
282 1842 421 1911 preterea
439 1832 543 1893 summi
563 1833 679 1892 dicendi
695 1844 835 1906 auctores,
850 1853 909 1893 nno
922 1844 954 1895 ut

125 1937 252 2003 ternpore
273 1928 404 1985 fuerunt:
432 1928 591 2003 exquibus
611 1928 732 2005 intelligi
751 1940 855 2005 potest,
868 1930 910 1991 ita

125 2040 156 2081 se
176 2042 237 2081 rem
256 2023 371 2095 habere,
385 2036 418 2081 ut
437 2033 479 2095 tu,
492 2024 607 2093 Crasse,
621 2023 710 2093 dicis;
731 2026 909 2101 oratorisque

125 2137 231 2177 nomen
246 2118 320 2194 apud
335 2118 476 2193 antiquos,
488 2119 517 2175 in
528 2118 652 2190 Grecis,
663 2120 770 2195 majore
785 2121 909 2195 qutdam

126 2213 170 2271 sel
197 2212 282 2288 copis
307 2212 351 2269 vel
384 2212 477 2289 gloria
505 2212 643 2271 floruisse.
696 2214 768 2276 Quo
792 2216 908 2290 quidem

126 2307 217 2384 magis
250 2306 359 2378 dubito,
386 2306 481 2369 tibine,
509 2308 574 2383 plus
605 2308 707 2380 laudis,
735 2328 771 2367 su
798 2310 908 2369 Grecis
921 2322 954 2374 tt]

124 2402 350 2479 vituperationis,
374 2420 437 2461 esse
463 2403 645 2462 tribuendum
672 2415 810 2474 statuam3
840 2424 907 2466 eum

125 2510 167 2571 tu,
181 2499 210 2556 iu
232 2498 287 2557 uit
307 2498 406 2575 lingut
427 2517 461 2557 ac
475 2499 603 2557 moribus
615 2512 708 2572 notus,
723 2502 908 2578 occupatissi·¹

125 2597 173 2655 mi
199 2596 228 2653 in
257 2594 380 2667 civitate,
407 2594 451 2653 vel
476 2595 650 2671 privatorum
677 2597 801 2674 negotiis
825 2616 906 2674 pene

125 2692 267 2763 omnibus,
282 2690 325 2748 vel
339 2690 417 2749 orbis
430 2701 511 2749 terre
531 2693 740 2767 procuratione,
754 2710 790 2758 ac
803 2695 918 2753 summi.

125 2787 236 2863 imperii
260 2786 465 2864 gubernatione
487 2787 643 2860 districtus,-
664 2797 772 2848 tautam
792 2789 850 2848 vim
862 2808 907 2849 re·
919 2806 953 2856 π

125 2900 189 2939 rum
218 2882 469 2959 cognitionemque
501 2884 760 2959 comprehenderis,
786 2903 907 2962 eamque

125 2994 240 3035 ornnem
264 2996 330 3035 cum
357 2977 427 3053 ejus,
449 2977 498 3053 qui
518 2979 641 3037 oonsilio
665 2989 696 3038 et
720 2981 849 3040 oratione
875 2982 907 3040 in

124 3072 241 3135 civitate
254 3073 354 3146 valen,
369 3073 490 3134 scientis
504 3084 588 3151 atque
601 3076 803 3137 exercitatione
815 3077 906 3137 mu·
