2184 3575
130 333 223 398 nun]
410 337 453 385 nn
474 335 639 385 cranone.
899 323 958 384 rae

129 483 349 542 transferamus:
370 503 463 560 neque
484 484 530 562 (ut
549 494 615 544 ante
628 483 701 563 dixi)
714 501 828 544 omnem
841 492 915 541 tera·

131 597 195 637 mus
215 581 245 638 in
265 581 310 638 bis
330 581 475 638 discendis
497 583 583 639 rebus
609 591 737 651 etatem3
764 581 825 651 sed,
845 597 914 637 eum

132 676 224 734 sontes
238 677 400 748 viderimus,
412 695 483 753 quos
496 677 552 734 nisi
562 677 611 753 qni
625 676 757 734 celeriter
770 675 912 753 cogndrit,

130 789 276 846 nunquam
290 782 447 849 cognoscet
457 773 585 845 omnino,
596 783 667 843 turn,
679 773 914 847 quotiescumque

130 885 202 942 opus
228 868 292 940 erit,
320 887 355 926 ex
382 868 417 925 iis
444 876 565 940 tantum,
592 878 729 943 qnantum
756 885 801 924 res
827 877 944 944 pereto

131 964 303 1022 hauriamus.
343 964 420 1022 Nam
441 983 535 1039 neque
555 975 613 1022 tam
633 974 677 1022 est
697 964 771 1022 acris
791 964 868 1021 acies
884 963 915 1022 in

129 1060 239 1117 naturis
260 1060 407 1119 hominum
419 1073 457 1118 et
476 1061 610 1138 ingeniis,
624 1071 715 1118 utres
734 1069 827 1118 tantas
839 1059 915 1136 quit-

130 1157 225 1229 quam,
252 1154 309 1213 nisi
342 1166 521 1228 monstratas,
555 1157 643 1231 possit
674 1155 787 1227 ridere3
820 1173 915 1230 neque

130 1260 210 1307 tanta
236 1260 332 1308 tamen
359 1250 389 1308 in
416 1252 502 1308 rebus
527 1251 697 1323 obscuritas,
723 1261 757 1308 nt
781 1269 830 1308 eas
855 1269 915 1308 non
1018 1249 1025 1252 ’

130 1345 245 1420 penitus
272 1345 331 1403 acri
357 1346 400 1404 vir
426 1346 543 1424 ingenio
569 1356 678 1418 cernet,
705 1347 729 1404 si
755 1347 843 1404 modo
873 1365 916 1404 as·
929 1359 960 1411 ιο

130 1441 248 1516 pexerit.

171 1537 206 1594 In
227 1538 283 1595 hoc
303 1537 390 1615 igitur
409 1547 490 1596 tanto
509 1547 567 1596 tam
588 1537 785 1612 immensoque
802 1555 914 1613 campo,

132 1652 196 1690 cnm
218 1634 304 1691 liceat
324 1635 430 1694 oratori
447 1635 542 1712 vagari
563 1635 662 1706 libere,
678 1644 771 1708 atque,
786 1634 915 1694 obicum-

131 1749 186 1805 que
207 1731 376 1803 constiterit,
398 1731 555 1789 consistere
576 1731 606 1789 in
626 1749 688 1803 suo,
710 1730 795 1789 facile
815 1723 916 1807 suppe-

131 1826 203 1884 ditat
216 1828 310 1885 omnis
330 1840 479 1904 apparatus
498 1838 671 1903 ornatusque
690 1828 815 1885 dicendi.
855 1828 914 1885 lte-
929 1839 961 1889 15

130 1942 193 1981 rum
207 1924 283 1980 enim
305 1924 388 1999 copia
401 1925 553 1982 verborum
573 1925 687 1999 copiam
706 1925 816 2002 gignit:
837 1924 914 1995 et‚‘si

129 2028 174 2076 est
194 2018 328 2076 honestas
348 2020 377 2077 in
398 2019 483 2077 rebus
510 2019 580 2095 ipsis
606 2020 643 2076 de
668 2020 772 2095 quibus
797 2020 914 2098 dicitur²

130 2114 241 2171 exsistit
254 2132 290 2170 ex
303 2114 343 2171 rei
358 2115 461 2172 neturd
478 2114 595 2189 quidam
615 2114 747 2190 splendor
760 2115 791 2171 in
803 2115 913 2171 verbis:

131 2209 169 2265 sit
196 2208 283 2265 modo
309 2209 343 2279 is,
371 2208 420 2284 qui
446 2209 525 2267 dicet
553 2219 601 2266 aut
626 2210 742 2281 scribet,
769 2210 916 2267 institutus

131 2303 286 2361 liberaliter
319 2304 491 2362 educatione
523 2304 711 2381 doctrintqoe
742 2304 854 2382 puerili,
887 2315 962 2367 Μ)

131 2398 232 2475 flagret
265 2398 368 2472 studio,
395 2409 426 2458 et
452 2418 468 2457 a
499 2399 604 2457 nature
636 2400 793 2477 adjuretur,
820 2410 857 2472 et,
885 2400 916 2460 in

131 2496 327 2553 universorum
355 2514 492 2573 generum
516 2496 636 2553 infinitis
661 2496 916 2573 disceptationibus

131 2591 319 2662 exercitatum
341 2592 537 2650 ornatissimos
557 2592 711 2667 scriptores
733 2602 916 2668 oratoresque

98 2704 102 2709 ·
132 2688 167 2745 ad
192 2688 425 2764 cognoscendum
449 2687 676 2764 imitandumque
698 2688 845 2766 cognorit:
869 2708 915 2748 nar

132 2784 181 2841 ille
201 2782 276 2841 haud
300 2800 378 2855 sane,
400 2784 638 2858 quemadmodum
664 2784 752 2842 verbs
776 2795 868 2844 struat
886 2795 961 2848 etz

133 2879 283 2951 illuminet,
298 2898 316 2937 a
329 2879 472 2956 magistris
486 2880 548 2937 istis
560 2881 701 2956 requiret:
722 2881 762 2939 ita
775 2882 870 2955 facile,
885 2882 915 2941 in

133 2990 228 3031 rerum
249 2973 433 3045 abundantit,
449 2975 484 3031 ad
504 2975 643 3033 orationis
661 2986 838 3049 cmamenta,
851 2978 916 3035 aine

134 3068 218 3141 duee,
229 3069 331 3127 naturt
341 3068 413 3149 ipsd,
424 3070 449 3129 si
460 3071 548 3131 modo
560 3081 604 3131 est
615 3074 783 3147 exercitata,
794 3073 913 3133 labetur.

211 3180 275 3222 ron.
290 3180 322 3224 n.
443 3165 481 3225 12
