<?xml version="1.0" encoding="UTF-8"?>
<!DOCTYPE html PUBLIC "-//W3C//DTD XHTML 1.0 Transitional//EN"
    "http://www.w3.org/TR/xhtml1/DTD/xhtml1-transitional.dtd">
<html xmlns="http://www.w3.org/1999/xhtml" xml:lang="en" lang="en">
 <head>
  <title>
</title>
<meta http-equiv="Content-Type" content="text/html;charset=utf-8" />
  <meta name='ocr-system' content='tesseract 3.04.00' />
  <meta name='ocr-capabilities' content='ocr_page ocr_carea ocr_par ocr_line ocrx_word'/>
</head>
<body>
  <div class='ocr_page' id='page_1' title='image "./mtciceronisadqu02dillgoog_0019.png"; bbox 0 0 2184 3575; ppageno 0'>
   <div class='ocr_carea' id='block_1_1' title="bbox 129 300 955 367">
    <p class='ocr_par' dir='ltr' id='par_1_1' title="bbox 129 300 955 367">
     <span class='ocr_line' id='line_1_1' title="bbox 129 300 955 367; baseline 0.004 -11"><span class='ocrx_word' id='word_1_1' title='bbox 129 308 205 367; x_wconf 77' lang='lat' dir='ltr'>en]</span> <span class='ocrx_word' id='word_1_2' title='bbox 405 304 449 353; x_wconf 78' lang='lat' dir='ltr'>m:</span> <span class='ocrx_word' id='word_1_3' title='bbox 469 306 632 358; x_wconf 70' lang='lat' dir='ltr'>onumen.</span> <span class='ocrx_word' id='word_1_4' title='bbox 918 300 955 359; x_wconf 77' lang='lat' dir='ltr'>ltt</span> 
     </span>
    </p>
   </div>
   <div class='ocr_carea' id='block_1_2' title="bbox 125 453 959 2933">
    <p class='ocr_par' dir='ltr' id='par_1_2' title="bbox 125 453 908 627">
     <span class='ocr_line' id='line_1_2' title="bbox 125 453 908 531; baseline 0 -18"><span class='ocrx_word' id='word_1_5' title='bbox 125 453 352 513; x_wconf 83' lang='lat' dir='ltr'>mensuetudinis</span> <span class='ocrx_word' id='word_1_6' title='bbox 377 454 467 531; x_wconf 80' lang='lat' dir='ltr'>empi3</span> <span class='ocrx_word' id='word_1_7' title='bbox 493 472 550 526; x_wconf 89' lang='lat' dir='ltr'>me,</span> <span class='ocrx_word' id='word_1_8' title='bbox 569 474 622 531; x_wconf 86' lang='lat' dir='ltr'>pro</span> <span class='ocrx_word' id='word_1_9' title='bbox 647 472 712 513; x_wconf 88' lang='lat' dir='ltr'>meo</span> <span class='ocrx_word' id='word_1_10' title='bbox 725 456 837 527; x_wconf 77' lang='lat' dir='ltr'>sodali,</span> <span class='ocrx_word' id='word_1_11' title='bbox 858 454 908 531; x_wconf 86' lang='lat' dir='ltr'>qui</span> 
     </span>
     <span class='ocr_line' id='line_1_3' title="bbox 126 550 907 627; baseline -0.004 -15"><span class='ocrx_word' id='word_1_12' title='bbox 126 551 196 613; x_wconf 87' lang='lat' dir='ltr'>mihi</span> <span class='ocrx_word' id='word_1_13' title='bbox 210 550 239 608; x_wconf 92' lang='lat' dir='ltr'>in</span> <span class='ocrx_word' id='word_1_14' title='bbox 253 550 374 609; x_wconf 75' lang='lat' dir='ltr'>liberium</span> <span class='ocrx_word' id='word_1_15' title='bbox 389 550 452 607; x_wconf 92' lang='lat' dir='ltr'>loco</span> <span class='ocrx_word' id='word_1_16' title='bbox 467 570 544 607; x_wconf 88' lang='lat' dir='ltr'>more</span> <span class='ocrx_word' id='word_1_17' title='bbox 555 551 693 627; x_wconf 83' lang='lat' dir='ltr'>majorum</span> <span class='ocrx_word' id='word_1_18' title='bbox 704 570 768 607; x_wconf 88' lang='lat' dir='ltr'>esse</span> <span class='ocrx_word' id='word_1_19' title='bbox 780 552 907 624; x_wconf 79' lang='lat' dir='ltr'>deberet,</span> 
     </span>
    </p>

    <p class='ocr_par' dir='ltr' id='par_1_3' title="bbox 125 645 959 2933">
     <span class='ocr_line' id='line_1_4' title="bbox 127 645 909 723; baseline -0.001 -18"><span class='ocrx_word' id='word_1_20' title='bbox 127 657 156 705; x_wconf 90' lang='lat' dir='ltr'>et</span> <span class='ocrx_word' id='word_1_21' title='bbox 168 666 219 723; x_wconf 87' lang='lat' dir='ltr'>pro</span> <span class='ocrx_word' id='word_1_22' title='bbox 232 647 296 703; x_wconf 73' lang='lat' dir='ltr'>med</span> <span class='ocrx_word' id='word_1_23' title='bbox 309 646 387 703; x_wconf 93' lang='lat' dir='ltr'>omni</span> <span class='ocrx_word' id='word_1_24' title='bbox 408 645 484 703; x_wconf 73' lang='lat' dir='ltr'>fami</span> <span class='ocrx_word' id='word_1_25' title='bbox 502 664 591 721; x_wconf 84' lang='lat' dir='ltr'>prope</span> <span class='ocrx_word' id='word_1_26' title='bbox 609 647 796 721; x_wconf 75' lang='lat' dir='ltr'>fortunisque,</span> <span class='ocrx_word' id='word_1_27' title='bbox 811 648 909 704; x_wconf 86' lang='lat' dir='ltr'>decer·</span> 
     </span>
     <span class='ocr_line' id='line_1_5' title="bbox 127 742 907 819; baseline 0 -19"><span class='ocrx_word' id='word_1_28' title='bbox 127 762 210 815; x_wconf 83' lang='lat' dir='ltr'>nere;</span> <span class='ocrx_word' id='word_1_29' title='bbox 243 743 315 801; x_wconf 83' lang='lat' dir='ltr'>nihil</span> <span class='ocrx_word' id='word_1_30' title='bbox 348 742 418 799; x_wconf 87' lang='lat' dir='ltr'>mibi</span> <span class='ocrx_word' id='word_1_31' title='bbox 446 742 481 799; x_wconf 89' lang='lat' dir='ltr'>ad</span> <span class='ocrx_word' id='word_1_32' title='bbox 514 742 754 799; x_wconf 78' lang='lat' dir='ltr'>existimationem</span> <span class='ocrx_word' id='word_1_33' title='bbox 786 744 907 819; x_wconf 88' lang='lat' dir='ltr'>turpius,</span> 
     </span>
     <span class='ocr_line' id='line_1_6' title="bbox 126 838 939 915; baseline 0 -18"><span class='ocrx_word' id='word_1_34' title='bbox 126 839 195 897; x_wconf 89' lang='lat' dir='ltr'>nibil</span> <span class='ocrx_word' id='word_1_35' title='bbox 210 840 245 897; x_wconf 87' lang='lat' dir='ltr'>ad</span> <span class='ocrx_word' id='word_1_36' title='bbox 265 839 391 895; x_wconf 87' lang='lat' dir='ltr'>dolorem</span> <span class='ocrx_word' id='word_1_37' title='bbox 414 839 545 896; x_wconf 86' lang='lat' dir='ltr'>acerbius</span> <span class='ocrx_word' id='word_1_38' title='bbox 565 838 698 894; x_wconf 85' lang='lat' dir='ltr'>accidere</span> <span class='ocrx_word' id='word_1_39' title='bbox 716 858 809 914; x_wconf 83' lang='lat' dir='ltr'>posse,</span> <span class='ocrx_word' id='word_1_40' title='bbox 823 854 939 915; x_wconf 85' lang='lat' dir='ltr'>quam5</span> 
     </span>
     <span class='ocr_line' id='line_1_7' title="bbox 126 934 908 1009; baseline 0.003 -18"><span class='ocrx_word' id='word_1_41' title='bbox 126 935 197 1005; x_wconf 80' lang='lat' dir='ltr'>siis,</span> <span class='ocrx_word' id='word_1_42' title='bbox 212 934 260 1009; x_wconf 92' lang='lat' dir='ltr'>qui</span> <span class='ocrx_word' id='word_1_43' title='bbox 274 954 349 1009; x_wconf 78' lang='lat' dir='ltr'>sepe</span> <span class='ocrx_word' id='word_1_44' title='bbox 364 935 544 991; x_wconf 84' lang='lat' dir='ltr'>alienissimis</span> <span class='ocrx_word' id='word_1_45' title='bbox 559 952 644 1006; x_wconf 84' lang='lat' dir='ltr'>ame,</span> <span class='ocrx_word' id='word_1_46' title='bbox 659 935 709 991; x_wconf 90' lang='lat' dir='ltr'>sed</span> <span class='ocrx_word' id='word_1_47' title='bbox 722 936 794 993; x_wconf 87' lang='lat' dir='ltr'>meis</span> <span class='ocrx_word' id='word_1_48' title='bbox 812 946 908 993; x_wconf 90' lang='lat' dir='ltr'>tamen</span> 
     </span>
     <span class='ocr_line' id='line_1_8' title="bbox 126 1031 910 1103; baseline 0.005 -16"><span class='ocrx_word' id='word_1_49' title='bbox 126 1031 245 1103; x_wconf 86' lang='lat' dir='ltr'>civibus,</span> <span class='ocrx_word' id='word_1_50' title='bbox 272 1031 356 1088; x_wconf 88' lang='lat' dir='ltr'>saluti</span> <span class='ocrx_word' id='word_1_51' title='bbox 389 1031 565 1089; x_wconf 83' lang='lat' dir='ltr'>existimarer</span> <span class='ocrx_word' id='word_1_52' title='bbox 598 1031 696 1102; x_wconf 83' lang='lat' dir='ltr'>fuisse,</span> <span class='ocrx_word' id='word_1_53' title='bbox 723 1032 814 1092; x_wconf 84' lang='lat' dir='ltr'>sodali</span> <span class='ocrx_word' id='word_1_54' title='bbox 844 1050 910 1091; x_wconf 86' lang='lat' dir='ltr'>meo</span> 
     </span>
     <span class='ocr_line' id='line_1_9' title="bbox 127 1126 910 1205; baseline -0.001 -19"><span class='ocrx_word' id='word_1_55' title='bbox 127 1127 263 1186; x_wconf 85' lang='lat' dir='ltr'>auxilium</span> <span class='ocrx_word' id='word_1_56' title='bbox 283 1128 356 1184; x_wconf 79' lang='lat' dir='ltr'>serre</span> <span class='ocrx_word' id='word_1_57' title='bbox 376 1146 433 1184; x_wconf 91' lang='lat' dir='ltr'>non</span> <span class='ocrx_word' id='word_1_58' title='bbox 450 1127 615 1203; x_wconf 89' lang='lat' dir='ltr'>potuissem.</span> <span class='ocrx_word' id='word_1_59' title='bbox 656 1126 793 1185; x_wconf 89' lang='lat' dir='ltr'>Petebam</span> <span class='ocrx_word' id='word_1_60' title='bbox 808 1147 825 1185; x_wconf 87' lang='lat' dir='ltr'>a</span> <span class='ocrx_word' id='word_1_61' title='bbox 835 1128 910 1205; x_wconf 85' lang='lat' dir='ltr'>judi·</span> 
     </span>
     <span class='ocr_line' id='line_1_10' title="bbox 126 1222 910 1296; baseline 0.001 -16"><span class='ocrx_word' id='word_1_62' title='bbox 126 1222 219 1294; x_wconf 89' lang='lat' dir='ltr'>cibus,</span> <span class='ocrx_word' id='word_1_63' title='bbox 234 1232 265 1279; x_wconf 94' lang='lat' dir='ltr'>ut</span> <span class='ocrx_word' id='word_1_64' title='bbox 279 1223 348 1280; x_wconf 92' lang='lat' dir='ltr'>illud</span> <span class='ocrx_word' id='word_1_65' title='bbox 368 1223 538 1293; x_wconf 80' lang='lat' dir='ltr'>etatimeae,</span> <span class='ocrx_word' id='word_1_66' title='bbox 553 1233 585 1280; x_wconf 91' lang='lat' dir='ltr'>ut</span> <span class='ocrx_word' id='word_1_67' title='bbox 598 1224 764 1296; x_wconf 89' lang='lat' dir='ltr'>honoribus,</span> <span class='ocrx_word' id='word_1_68' title='bbox 778 1233 811 1281; x_wconf 92' lang='lat' dir='ltr'>ut</span> <span class='ocrx_word' id='word_1_69' title='bbox 824 1225 910 1282; x_wconf 89' lang='lat' dir='ltr'>rebus</span> 
     </span>
     <span class='ocr_line' id='line_1_11' title="bbox 126 1318 955 1395; baseline 0.007 -20"><span class='ocrx_word' id='word_1_70' title='bbox 126 1318 225 1395; x_wconf 83' lang='lat' dir='ltr'>gestis,</span> <span class='ocrx_word' id='word_1_71' title='bbox 246 1318 270 1375; x_wconf 86' lang='lat' dir='ltr'>si</span> <span class='ocrx_word' id='word_1_72' title='bbox 287 1318 372 1393; x_wconf 85' lang='lat' dir='ltr'>justo,</span> <span class='ocrx_word' id='word_1_73' title='bbox 393 1318 417 1375; x_wconf 90' lang='lat' dir='ltr'>si</span> <span class='ocrx_word' id='word_1_74' title='bbox 437 1318 486 1393; x_wconf 90' lang='lat' dir='ltr'>pio</span> <span class='ocrx_word' id='word_1_75' title='bbox 506 1318 605 1375; x_wconf 90' lang='lat' dir='ltr'>dolore</span> <span class='ocrx_word' id='word_1_76' title='bbox 625 1337 672 1375; x_wconf 90' lang='lat' dir='ltr'>me</span> <span class='ocrx_word' id='word_1_77' title='bbox 691 1338 754 1377; x_wconf 91' lang='lat' dir='ltr'>esse</span> <span class='ocrx_word' id='word_1_78' title='bbox 775 1321 908 1379; x_wconf 82' lang='lat' dir='ltr'>affectum</span> <span class='ocrx_word' id='word_1_79' title='bbox 923 1330 955 1381; x_wconf 80' lang='lat'>1⁰</span> 
     </span>
     <span class='ocr_line' id='line_1_12' title="bbox 127 1413 910 1489; baseline 0.004 -19"><span class='ocrx_word' id='word_1_80' title='bbox 127 1413 266 1485; x_wconf 85' lang='lat' dir='ltr'>viderent,</span> <span class='ocrx_word' id='word_1_81' title='bbox 294 1414 502 1484; x_wconf 79' lang='lat' dir='ltr'>concederent3</span> <span class='ocrx_word' id='word_1_82' title='bbox 535 1414 691 1489; x_wconf 72' lang='lat' dir='ltr'>presertim</span> <span class='ocrx_word' id='word_1_83' title='bbox 725 1415 750 1471; x_wconf 86' lang='lat' dir='ltr'>si</span> <span class='ocrx_word' id='word_1_84' title='bbox 783 1416 813 1472; x_wconf 91' lang='lat' dir='ltr'>in</span> <span class='ocrx_word' id='word_1_85' title='bbox 846 1416 910 1473; x_wconf 88' lang='lat' dir='ltr'>aliis</span> 
     </span>
     <span class='ocr_line' id='line_1_13' title="bbox 127 1509 910 1587; baseline 0.001 -21"><span class='ocrx_word' id='word_1_86' title='bbox 127 1509 221 1567; x_wconf 88' lang='lat' dir='ltr'>causis</span> <span class='ocrx_word' id='word_1_87' title='bbox 241 1509 455 1582; x_wconf 89' lang='lat' dir='ltr'>intellexissent,</span> <span class='ocrx_word' id='word_1_88' title='bbox 470 1511 567 1568; x_wconf 88' lang='lat' dir='ltr'>omnia</span> <span class='ocrx_word' id='word_1_89' title='bbox 586 1528 632 1567; x_wconf 90' lang='lat' dir='ltr'>me</span> <span class='ocrx_word' id='word_1_90' title='bbox 652 1528 762 1585; x_wconf 87' lang='lat' dir='ltr'>semper</span> <span class='ocrx_word' id='word_1_91' title='bbox 776 1529 827 1587; x_wconf 90' lang='lat' dir='ltr'>pro</span> <span class='ocrx_word' id='word_1_92' title='bbox 841 1511 910 1567; x_wconf 89' lang='lat' dir='ltr'>ami·</span> 
     </span>
     <span class='ocr_line' id='line_1_14' title="bbox 126 1606 910 1683; baseline 0.001 -20"><span class='ocrx_word' id='word_1_93' title='bbox 126 1625 225 1665; x_wconf 88' lang='lat' dir='ltr'>corum</span> <span class='ocrx_word' id='word_1_94' title='bbox 246 1607 390 1682; x_wconf 89' lang='lat' dir='ltr'>periculis,</span> <span class='ocrx_word' id='word_1_95' title='bbox 411 1606 481 1664; x_wconf 92' lang='lat' dir='ltr'>nihil</span> <span class='ocrx_word' id='word_1_96' title='bbox 503 1626 628 1680; x_wconf 88' lang='lat' dir='ltr'>unquam</span> <span class='ocrx_word' id='word_1_97' title='bbox 648 1625 701 1682; x_wconf 91' lang='lat' dir='ltr'>pro</span> <span class='ocrx_word' id='word_1_98' title='bbox 721 1608 840 1683; x_wconf 88' lang='lat' dir='ltr'>meipso,</span> <span class='ocrx_word' id='word_1_99' title='bbox 861 1607 910 1665; x_wconf 90' lang='lat' dir='ltr'>de·</span> 
     </span>
     <span class='ocr_line' id='line_1_15' title="bbox 125 1702 909 1778; baseline 0.003 -19"><span class='ocrx_word' id='word_1_100' title='bbox 125 1712 283 1777; x_wconf 86' lang='lat' dir='ltr'>precatum.</span> <span class='ocrx_word' id='word_1_101' title='bbox 337 1703 397 1774; x_wconf 86' lang='lat' dir='ltr'>Sic,</span> <span class='ocrx_word' id='word_1_102' title='bbox 419 1703 448 1760; x_wconf 90' lang='lat' dir='ltr'>in</span> <span class='ocrx_word' id='word_1_103' title='bbox 469 1702 519 1759; x_wconf 76' lang='lat' dir='ltr'>ille</span> <span class='ocrx_word' id='word_1_104' title='bbox 538 1704 617 1761; x_wconf 93' lang='lat' dir='ltr'>omni</span> <span class='ocrx_word' id='word_1_105' title='bbox 638 1703 803 1761; x_wconf 84' lang='lat' dir='ltr'>defensione</span> <span class='ocrx_word' id='word_1_106' title='bbox 824 1714 909 1778; x_wconf 88' lang='lat' dir='ltr'>atque</span> 
     </span>
     <span class='ocr_line' id='line_1_16' title="bbox 127 1799 957 1876; baseline 0.004 -20"><span class='ocrx_word' id='word_1_107' title='bbox 127 1799 224 1871; x_wconf 71' lang='lat' dir='ltr'>causa,</span> <span class='ocrx_word' id='word_1_108' title='bbox 245 1800 320 1874; x_wconf 89' lang='lat' dir='ltr'>quod</span> <span class='ocrx_word' id='word_1_109' title='bbox 341 1819 403 1857; x_wconf 85' lang='lat' dir='ltr'>esse</span> <span class='ocrx_word' id='word_1_110' title='bbox 423 1799 453 1857; x_wconf 90' lang='lat' dir='ltr'>in</span> <span class='ocrx_word' id='word_1_111' title='bbox 475 1810 535 1858; x_wconf 84' lang='lat' dir='ltr'>arte</span> <span class='ocrx_word' id='word_1_112' title='bbox 553 1801 679 1876; x_wconf 82' lang='lat' dir='ltr'>positum</span> <span class='ocrx_word' id='word_1_113' title='bbox 699 1800 856 1873; x_wconf 84' lang='lat' dir='ltr'>videbatur,</span> <span class='ocrx_word' id='word_1_114' title='bbox 876 1810 910 1858; x_wconf 91' lang='lat' dir='ltr'>ut</span> <span class='ocrx_word' id='word_1_115' title='bbox 923 1809 957 1859; x_wconf 75' lang='lat'>15</span> 
     </span>
     <span class='ocr_line' id='line_1_17' title="bbox 127 1893 909 1971; baseline 0.001 -20"><span class='ocrx_word' id='word_1_116' title='bbox 127 1893 163 1952; x_wconf 90' lang='lat' dir='ltr'>de</span> <span class='ocrx_word' id='word_1_117' title='bbox 176 1895 239 1971; x_wconf 84' lang='lat' dir='ltr'>lege</span> <span class='ocrx_word' id='word_1_118' title='bbox 253 1895 376 1970; x_wconf 74' lang='lat' dir='ltr'>Apuleiai</span> <span class='ocrx_word' id='word_1_119' title='bbox 397 1895 533 1968; x_wconf 83' lang='lat' dir='ltr'>dicerem,</span> <span class='ocrx_word' id='word_1_120' title='bbox 548 1905 589 1967; x_wconf 91' lang='lat' dir='ltr'>ut,</span> <span class='ocrx_word' id='word_1_121' title='bbox 604 1895 672 1970; x_wconf 89' lang='lat' dir='ltr'>quid</span> <span class='ocrx_word' id='word_1_122' title='bbox 692 1906 767 1954; x_wconf 86' lang='lat' dir='ltr'>esset</span> <span class='ocrx_word' id='word_1_123' title='bbox 779 1896 909 1954; x_wconf 87' lang='lat' dir='ltr'>minuere</span> 
     </span>
     <span class='ocr_line' id='line_1_18' title="bbox 126 1991 910 2067; baseline 0.004 -21"><span class='ocrx_word' id='word_1_124' title='bbox 126 1991 312 2066; x_wconf 86' lang='lat' dir='ltr'>majestatem,</span> <span class='ocrx_word' id='word_1_125' title='bbox 333 1991 514 2067; x_wconf 77' lang='lat' dir='ltr'>explicarem,</span> <span class='ocrx_word' id='word_1_126' title='bbox 534 2011 671 2067; x_wconf 87' lang='lat' dir='ltr'>perquam</span> <span class='ocrx_word' id='word_1_127' title='bbox 698 1992 821 2049; x_wconf 80' lang='lat' dir='ltr'>breviter</span> <span class='ocrx_word' id='word_1_128' title='bbox 846 2009 910 2067; x_wconf 87' lang='lat' dir='ltr'>per·</span> 
     </span>
     <span class='ocr_line' id='line_1_19' title="bbox 127 2086 911 2164; baseline 0.004 -21"><span class='ocrx_word' id='word_1_129' title='bbox 127 2086 227 2146; x_wconf 84' lang='lat' dir='ltr'>strinxi</span> <span class='ocrx_word' id='word_1_130' title='bbox 252 2097 336 2160; x_wconf 85' lang='lat' dir='ltr'>atque</span> <span class='ocrx_word' id='word_1_131' title='bbox 360 2088 448 2164; x_wconf 85' lang='lat' dir='ltr'>attigi.</span> <span class='ocrx_word' id='word_1_132' title='bbox 490 2087 546 2144; x_wconf 89' lang='lat' dir='ltr'>His</span> <span class='ocrx_word' id='word_1_133' title='bbox 569 2088 680 2146; x_wconf 89' lang='lat' dir='ltr'>duabus</span> <span class='ocrx_word' id='word_1_134' title='bbox 700 2088 829 2163; x_wconf 78' lang='lat' dir='ltr'>pastibus</span> <span class='ocrx_word' id='word_1_135' title='bbox 849 2105 911 2146; x_wconf 82' lang='lat' dir='ltr'>ort·</span> 
     </span>
     <span class='ocr_line' id='line_1_20' title="bbox 126 2181 910 2256; baseline 0.003 -18"><span class='ocrx_word' id='word_1_136' title='bbox 126 2181 225 2252; x_wconf 89' lang='lat' dir='ltr'>tionis,</span> <span class='ocrx_word' id='word_1_137' title='bbox 239 2201 357 2256; x_wconf 84' lang='lat' dir='ltr'>quarum</span> <span class='ocrx_word' id='word_1_138' title='bbox 372 2182 459 2240; x_wconf 86' lang='lat' dir='ltr'>altera</span> <span class='ocrx_word' id='word_1_139' title='bbox 472 2183 696 2241; x_wconf 74' lang='lat' dir='ltr'>concitationem</span> <span class='ocrx_word' id='word_1_140' title='bbox 712 2183 807 2255; x_wconf 86' lang='lat' dir='ltr'>habet,</span> <span class='ocrx_word' id='word_1_141' title='bbox 823 2182 910 2240; x_wconf 84' lang='lat' dir='ltr'>altera</span> 
     </span>
     <span class='ocr_line' id='line_1_21' title="bbox 128 2277 957 2355; baseline 0.001 -21"><span class='ocrx_word' id='word_1_142' title='bbox 128 2277 417 2349; x_wconf 86' lang='lat' dir='ltr'>commendationem,</span> <span class='ocrx_word' id='word_1_143' title='bbox 432 2297 494 2352; x_wconf 81' lang='lat' dir='ltr'>quae</span> <span class='ocrx_word' id='word_1_144' title='bbox 514 2279 632 2336; x_wconf 91' lang='lat' dir='ltr'>minime</span> <span class='ocrx_word' id='word_1_145' title='bbox 644 2277 793 2355; x_wconf 75' lang='lat' dir='ltr'>preceptis</span> <span class='ocrx_word' id='word_1_146' title='bbox 808 2278 909 2337; x_wconf 87' lang='lat' dir='ltr'>artium</span> <span class='ocrx_word' id='word_1_147' title='bbox 923 2285 957 2335; x_wconf 64' lang='grc'>9)</span> 
     </span>
     <span class='ocr_line' id='line_1_22' title="bbox 127 2373 911 2450; baseline 0.001 -19"><span class='ocrx_word' id='word_1_148' title='bbox 127 2383 195 2441; x_wconf 85' lang='lat' dir='ltr'>sunt</span> <span class='ocrx_word' id='word_1_149' title='bbox 213 2373 369 2450; x_wconf 76' lang='lat' dir='ltr'>perpolite,</span> <span class='ocrx_word' id='word_1_150' title='bbox 384 2374 477 2433; x_wconf 90' lang='lat' dir='ltr'>omnis</span> <span class='ocrx_word' id='word_1_151' title='bbox 496 2383 541 2431; x_wconf 89' lang='lat' dir='ltr'>est</span> <span class='ocrx_word' id='word_1_152' title='bbox 555 2393 571 2431; x_wconf 86' lang='lat' dir='ltr'>a</span> <span class='ocrx_word' id='word_1_153' title='bbox 584 2393 630 2432; x_wconf 89' lang='lat' dir='ltr'>me</span> <span class='ocrx_word' id='word_1_154' title='bbox 643 2375 693 2432; x_wconf 87' lang='lat' dir='ltr'>illa</span> <span class='ocrx_word' id='word_1_155' title='bbox 706 2393 794 2432; x_wconf 84' lang='lat' dir='ltr'>causa</span> <span class='ocrx_word' id='word_1_156' title='bbox 808 2385 911 2432; x_wconf 80' lang='lat' dir='ltr'>tracta·</span> 
     </span>
     <span class='ocr_line' id='line_1_23' title="bbox 128 2470 912 2547; baseline 0.001 -20"><span class='ocrx_word' id='word_1_157' title='bbox 128 2479 168 2542; x_wconf 88' lang='lat' dir='ltr'>ta,</span> <span class='ocrx_word' id='word_1_158' title='bbox 182 2481 212 2528; x_wconf 89' lang='lat' dir='ltr'>ut</span> <span class='ocrx_word' id='word_1_159' title='bbox 226 2479 255 2528; x_wconf 90' lang='lat' dir='ltr'>et</span> <span class='ocrx_word' id='word_1_160' title='bbox 268 2470 424 2528; x_wconf 85' lang='lat' dir='ltr'>acerrimus</span> <span class='ocrx_word' id='word_1_161' title='bbox 437 2470 467 2528; x_wconf 92' lang='lat' dir='ltr'>in</span> <span class='ocrx_word' id='word_1_162' title='bbox 482 2470 627 2547; x_wconf 71' lang='lat' dir='ltr'>cepioni·</span> <span class='ocrx_word' id='word_1_163' title='bbox 647 2470 754 2528; x_wconf 80' lang='lat' dir='ltr'>invidit</span> <span class='ocrx_word' id='word_1_164' title='bbox 773 2489 912 2529; x_wconf 85' lang='lat' dir='ltr'>renovan-</span> 
     </span>
     <span class='ocr_line' id='line_1_24' title="bbox 127 2565 911 2643; baseline 0 -19"><span class='ocrx_word' id='word_1_165' title='bbox 127 2567 176 2638; x_wconf 74' lang='lat' dir='ltr'>de,</span> <span class='ocrx_word' id='word_1_166' title='bbox 197 2565 276 2624; x_wconf 87' lang='lat' dir='ltr'>etin</span> <span class='ocrx_word' id='word_1_167' title='bbox 295 2566 366 2624; x_wconf 89' lang='lat' dir='ltr'>meis</span> <span class='ocrx_word' id='word_1_168' title='bbox 385 2566 511 2625; x_wconf 87' lang='lat' dir='ltr'>moribus</span> <span class='ocrx_word' id='word_1_169' title='bbox 537 2585 607 2643; x_wconf 81' lang='lat' dir='ltr'>erga</span> <span class='ocrx_word' id='word_1_170' title='bbox 631 2584 711 2624; x_wconf 87' lang='lat' dir='ltr'>meos</span> <span class='ocrx_word' id='word_1_171' title='bbox 732 2567 911 2626; x_wconf 83' lang='lat' dir='ltr'>necessarios</span> 
     </span>
     <span class='ocr_line' id='line_1_25' title="bbox 128 2661 911 2740; baseline 0.003 -22"><span class='ocrx_word' id='word_1_172' title='bbox 128 2661 307 2721; x_wconf 84' lang='lat' dir='ltr'>declarandis</span> <span class='ocrx_word' id='word_1_173' title='bbox 327 2662 581 2734; x_wconf 78' lang='lat' dir='ltr'>mansuetissimus,</span> <span class='ocrx_word' id='word_1_174' title='bbox 595 2662 714 2722; x_wconf 81' lang='lat' dir='ltr'>viderer.</span> <span class='ocrx_word' id='word_1_175' title='bbox 754 2663 801 2721; x_wconf 84' lang='lat' dir='ltr'>lta</span> <span class='ocrx_word' id='word_1_176' title='bbox 819 2663 911 2740; x_wconf 81' lang='lat' dir='ltr'>magis</span> 
     </span>
     <span class='ocr_line' id='line_1_26' title="bbox 128 2758 959 2835; baseline 0 -17"><span class='ocrx_word' id='word_1_177' title='bbox 128 2758 240 2818; x_wconf 83' lang='lat' dir='ltr'>affectis</span> <span class='ocrx_word' id='word_1_178' title='bbox 260 2758 363 2817; x_wconf 86' lang='lat' dir='ltr'>animis</span> <span class='ocrx_word' id='word_1_179' title='bbox 378 2758 518 2834; x_wconf 86' lang='lat' dir='ltr'>judicum,</span> <span class='ocrx_word' id='word_1_180' title='bbox 538 2778 624 2835; x_wconf 90' lang='lat' dir='ltr'>quam</span> <span class='ocrx_word' id='word_1_181' title='bbox 643 2760 746 2832; x_wconf 90' lang='lat' dir='ltr'>doctis,</span> <span class='ocrx_word' id='word_1_182' title='bbox 766 2768 825 2833; x_wconf 89' lang='lat' dir='ltr'>tua,</span> <span class='ocrx_word' id='word_1_183' title='bbox 846 2759 912 2817; x_wconf 81' lang='lat' dir='ltr'>Sul·</span> <span class='ocrx_word' id='word_1_184' title='bbox 924 2765 959 2818; x_wconf 60' lang='grc' dir='ltr'><strong>ὕ</strong></span> 
     </span>
     <span class='ocr_line' id='line_1_27' title="bbox 126 2854 713 2933; baseline 0.003 -21"><span class='ocrx_word' id='word_1_185' title='bbox 126 2854 197 2932; x_wconf 88' lang='lat' dir='ltr'>pici,</span> <span class='ocrx_word' id='word_1_186' title='bbox 212 2865 254 2914; x_wconf 90' lang='lat' dir='ltr'>est</span> <span class='ocrx_word' id='word_1_187' title='bbox 269 2873 285 2914; x_wconf 84' lang='lat' dir='ltr'>a</span> <span class='ocrx_word' id='word_1_188' title='bbox 298 2854 382 2912; x_wconf 83' lang='lat' dir='ltr'>nobie</span> <span class='ocrx_word' id='word_1_189' title='bbox 395 2864 456 2912; x_wconf 92' lang='lat' dir='ltr'>tum</span> <span class='ocrx_word' id='word_1_190' title='bbox 470 2855 617 2914; x_wconf 87' lang='lat' dir='ltr'>accusatio</span> <span class='ocrx_word' id='word_1_191' title='bbox 629 2855 713 2933; x_wconf 79' lang='lat' dir='ltr'>ricta</span> 
     </span>
    </p>
   </div>
   <div class='ocr_carea' id='block_1_3' title="bbox 167 3045 909 3202">
    <p class='ocr_par' dir='ltr' id='par_1_4' title="bbox 167 3045 909 3202">
     <span class='ocr_line' id='line_1_28' title="bbox 167 3045 909 3124; baseline 0.005 -14"><span class='ocrx_word' id='word_1_192' title='bbox 167 3045 202 3110; x_wconf 76' lang='lat' dir='ltr'>Ia.</span> <span class='ocrx_word' id='word_1_193' title='bbox 231 3045 292 3108; x_wconf 87' lang='lat' dir='ltr'>Hic</span> <span class='ocrx_word' id='word_1_194' title='bbox 327 3047 482 3123; x_wconf 82' lang='lat' dir='ltr'>Sulpicius,</span> <span class='ocrx_word' id='word_1_195' title='bbox 520 3048 607 3122; x_wconf 86' lang='lat' dir='ltr'>Vere,</span> <span class='ocrx_word' id='word_1_196' title='bbox 643 3049 771 3122; x_wconf 78' lang='lat' dir='ltr'>hercule,</span> <span class='ocrx_word' id='word_1_197' title='bbox 805 3049 909 3124; x_wconf 72' lang='lat' dir='ltr'>iuquit,</span> 
     </span>
     <span class='ocr_line' id='line_1_29' title="bbox 208 3144 459 3202; baseline 0.008 -2"><span class='ocrx_word' id='word_1_198' title='bbox 208 3160 272 3202; x_wconf 82' lang='lat' dir='ltr'>von.</span> <span class='ocrx_word' id='word_1_199' title='bbox 286 3161 320 3202; x_wconf 89' lang='lat'>11.</span> <span class='ocrx_word' id='word_1_200' title='bbox 438 3144 459 3202; x_wconf 79' lang='lat'>2</span> 
     </span>
    </p>
   </div>
   <div class='ocr_carea' id='block_1_4' title="bbox 0 0 1100 3575">
    <p class='ocr_par' dir='ltr' id='par_1_5' title="bbox 0 0 1100 3575">
     <span class='ocr_line' id='line_1_30' title="bbox 0 0 1100 3575; baseline 0 0"><span class='ocrx_word' id='word_1_201' title='bbox 0 0 1100 3575; x_wconf 95' lang='lat' dir='ltr'> </span> 
     </span>
    </p>
   </div>
  </div>
 </body>
</html>
