<?xml version="1.0" encoding="UTF-8"?>
<!DOCTYPE html PUBLIC "-//W3C//DTD XHTML 1.0 Transitional//EN"
    "http://www.w3.org/TR/xhtml1/DTD/xhtml1-transitional.dtd">
<html xmlns="http://www.w3.org/1999/xhtml" xml:lang="en" lang="en">
 <head>
  <title>
</title>
<meta http-equiv="Content-Type" content="text/html;charset=utf-8" />
  <meta name='ocr-system' content='tesseract 3.04.00' />
  <meta name='ocr-capabilities' content='ocr_page ocr_carea ocr_par ocr_line ocrx_word'/>
</head>
<body>
  <div class='ocr_page' id='page_1' title='image "./mtciceronisadqu02dillgoog_0048.png"; bbox 0 0 2184 3575; ppageno 0'>
   <div class='ocr_carea' id='block_1_1' title="bbox 148 299 979 370">
    <p class='ocr_par' dir='ltr' id='par_1_1' title="bbox 148 299 979 370">
     <span class='ocr_line' id='line_1_1' title="bbox 148 299 979 370; baseline -0.007 -9"><span class='ocrx_word' id='word_1_1' title='bbox 148 299 187 361; x_wconf 55' lang='grc' dir='ltr'><strong>ιθ</strong></span> <span class='ocrx_word' id='word_1_2' title='bbox 467 309 509 359; x_wconf 83' lang='lat' dir='ltr'><strong>nn</strong></span> <span class='ocrx_word' id='word_1_3' title='bbox 531 306 693 359; x_wconf 70' lang='lat' dir='ltr'><strong>onerone</strong></span> <span class='ocrx_word' id='word_1_4' title='bbox 892 309 932 370; x_wconf 81' lang='lat' dir='ltr'><strong>[t.</strong></span> <span class='ocrx_word' id='word_1_5' title='bbox 942 308 979 355; x_wconf 84' lang='lat' dir='ltr'><strong>rr</strong></span> 
     </span>
    </p>
   </div>
   <div class='ocr_carea' id='block_1_2' title="bbox 140 457 981 2072">
    <p class='ocr_par' dir='ltr' id='par_1_2' title="bbox 140 457 981 2072">
     <span class='ocr_line' id='line_1_2' title="bbox 192 457 981 532; baseline 0 -17"><span class='ocrx_word' id='word_1_6' title='bbox 192 457 272 530; x_wconf 88' lang='lat' dir='ltr'><strong>tiam,</strong></span> <span class='ocrx_word' id='word_1_7' title='bbox 287 476 353 517; x_wconf 85' lang='lat' dir='ltr'><strong>cum</strong></span> <span class='ocrx_word' id='word_1_8' title='bbox 367 460 592 518; x_wconf 79' lang='lat' dir='ltr'><strong>stomacharetur</strong></span> <span class='ocrx_word' id='word_1_9' title='bbox 605 478 673 517; x_wconf 91' lang='lat' dir='ltr'><strong>cum</strong></span> <span class='ocrx_word' id='word_1_10' title='bbox 681 458 717 517; x_wconf 82' lang='grc'><strong>0.</strong></span> <span class='ocrx_word' id='word_1_11' title='bbox 729 458 858 532; x_wconf 87' lang='lat' dir='ltr'><strong>Metello,</strong></span> <span class='ocrx_word' id='word_1_12' title='bbox 869 458 981 516; x_wconf 80' lang='lat' dir='ltr'>dixisse</span> 
     </span>
     <span class='ocr_line' id='line_1_3' title="bbox 191 554 980 633; baseline 0.001 -22"><span class='ocrx_word' id='word_1_13' title='bbox 191 554 308 627; x_wconf 89' lang='lat' dir='ltr'><strong>dicitur,</strong></span> <span class='ocrx_word' id='word_1_14' title='bbox 324 558 384 613; x_wconf 85' lang='lat' dir='ltr'><strong>“Si</strong></span> <span class='ocrx_word' id='word_1_15' title='bbox 399 556 529 630; x_wconf 90' lang='lat' dir='ltr'><strong>quintum</strong></span> <span class='ocrx_word' id='word_1_16' title='bbox 541 567 654 632; x_wconf 85' lang='lat' dir='ltr'><strong>pareret</strong></span> <span class='ocrx_word' id='word_1_17' title='bbox 671 566 763 614; x_wconf 87' lang='lat' dir='ltr'><strong>mater</strong></span> <span class='ocrx_word' id='word_1_18' title='bbox 776 556 847 633; x_wconf 81' lang='lat' dir='ltr'><strong>ejus,</strong></span> <span class='ocrx_word' id='word_1_19' title='bbox 863 556 980 613; x_wconf 82' lang='lat' dir='ltr'><strong>asinum</strong></span> 
     </span>
     <span class='ocr_line' id='line_1_4' title="bbox 192 649 474 727; baseline 0.007 -20"><span class='ocrx_word' id='word_1_20' title='bbox 192 649 279 708; x_wconf 85' lang='lat' dir='ltr'><strong>fuisse</strong></span> <span class='ocrx_word' id='word_1_21' title='bbox 292 652 474 727; x_wconf 74' lang='lat' dir='ltr'><strong>parituram.&#39;&#39;</strong></span> 
     </span>
     <span class='ocr_line' id='line_1_5' title="bbox 232 743 981 824; baseline -0.001 -20"><span class='ocrx_word' id='word_1_22' title='bbox 232 748 345 824; x_wconf 87' lang='lat' dir='ltr'><strong>Arguta</strong></span> <span class='ocrx_word' id='word_1_23' title='bbox 358 747 444 804; x_wconf 82' lang='lat' dir='ltr'><strong>etiem</strong></span> <span class='ocrx_word' id='word_1_24' title='bbox 457 746 629 824; x_wconf 88' lang='lat' dir='ltr'><strong>significatio</strong></span> <span class='ocrx_word' id='word_1_25' title='bbox 642 758 695 818; x_wconf 86' lang='lat' dir='ltr'><strong>est,</strong></span> <span class='ocrx_word' id='word_1_26' title='bbox 709 767 775 805; x_wconf 90' lang='lat' dir='ltr'><strong>cum</strong></span> <span class='ocrx_word' id='word_1_27' title='bbox 790 743 878 823; x_wconf 67' lang='lat' dir='ltr'><strong>parvi</strong></span> <span class='ocrx_word' id='word_1_28' title='bbox 890 764 932 820; x_wconf 93' lang='lat' dir='ltr'><strong>re,</strong></span> <span class='ocrx_word' id='word_1_29' title='bbox 946 757 981 803; x_wconf 86' lang='lat' dir='ltr'><strong>et</strong></span> 
     </span>
     <span class='ocr_line' id='line_1_6' title="bbox 162 844 978 919; baseline -0.002 -18"><span class='ocrx_word' id='word_1_30' title='bbox 162 848 268 919; x_wconf 69' lang='lat' dir='ltr'><strong>bsaepe</strong></span> <span class='ocrx_word' id='word_1_31' title='bbox 286 844 373 899; x_wconf 88' lang='lat' dir='ltr'><strong>verbo</strong></span> <span class='ocrx_word' id='word_1_32' title='bbox 390 862 435 900; x_wconf 87' lang='lat' dir='ltr'><strong>res</strong></span> <span class='ocrx_word' id='word_1_33' title='bbox 450 845 573 901; x_wconf 89' lang='lat' dir='ltr'><strong>obscura</strong></span> <span class='ocrx_word' id='word_1_34' title='bbox 585 854 614 901; x_wconf 92' lang='lat' dir='ltr'><strong>et</strong></span> <span class='ocrx_word' id='word_1_35' title='bbox 626 844 718 901; x_wconf 83' lang='lat' dir='ltr'><strong>latens</strong></span> <span class='ocrx_word' id='word_1_36' title='bbox 738 845 910 913; x_wconf 82' lang='lat' dir='ltr'><strong>illustratur3</strong></span> <span class='ocrx_word' id='word_1_37' title='bbox 932 853 978 914; x_wconf 88' lang='lat' dir='ltr'><strong>ut,</strong></span> 
     </span>
     <span class='ocr_line' id='line_1_7' title="bbox 193 938 980 1015; baseline 0 -20"><span class='ocrx_word' id='word_1_38' title='bbox 193 958 260 996; x_wconf 90' lang='lat' dir='ltr'><strong>curn</strong></span> <span class='ocrx_word' id='word_1_39' title='bbox 281 938 314 995; x_wconf 87' lang='lat' dir='ltr'><strong>C.</strong></span> <span class='ocrx_word' id='word_1_40' title='bbox 330 938 464 997; x_wconf 81' lang='lat' dir='ltr'><strong>Fabricio</strong></span> <span class='ocrx_word' id='word_1_41' title='bbox 479 939 510 996; x_wconf 93' lang='lat' dir='ltr'><strong>P.</strong></span> <span class='ocrx_word' id='word_1_42' title='bbox 525 939 688 1010; x_wconf 88' lang='lat' dir='ltr'><strong>Cornelius,</strong></span> <span class='ocrx_word' id='word_1_43' title='bbox 708 940 795 996; x_wconf 92' lang='lat' dir='ltr'><strong>homo</strong></span> <span class='ocrx_word' id='word_1_44' title='bbox 815 938 862 1015; x_wconf 87' lang='lat' dir='ltr'><strong>(ut</strong></span> <span class='ocrx_word' id='word_1_45' title='bbox 880 938 980 996; x_wconf 79' lang='lat' dir='ltr'><strong>existi·</strong></span> 
     </span>
     <span class='ocr_line' id='line_1_8' title="bbox 193 1023 979 1112; baseline -0.001 -20"><span class='ocrx_word' id='word_1_46' title='bbox 193 1036 337 1112; x_wconf 80' lang='lat' dir='ltr'><strong>orabatur)</strong></span> <span class='ocrx_word' id='word_1_47' title='bbox 360 1054 460 1092; x_wconf 80' lang='lat' dir='ltr'><strong>avarus</strong></span> <span class='ocrx_word' id='word_1_48' title='bbox 479 1045 508 1093; x_wconf 88' lang='lat' dir='ltr'><strong>ct</strong></span> <span class='ocrx_word' id='word_1_49' title='bbox 529 1036 618 1106; x_wconf 85' lang='lat' dir='ltr'><strong>furax,</strong></span> <span class='ocrx_word' id='word_1_50' title='bbox 637 1023 686 1091; x_wconf 81' lang='lat' dir='ltr'><strong>sed</strong></span> <span class='ocrx_word' id='word_1_51' title='bbox 707 1035 822 1112; x_wconf 84' lang='lat' dir='ltr'>egregie</span> <span class='ocrx_word' id='word_1_52' title='bbox 842 1035 932 1105; x_wconf 82' lang='lat' dir='ltr'><strong>sortis,</strong></span> <span class='ocrx_word' id='word_1_53' title='bbox 946 1044 979 1091; x_wconf 90' lang='lat' dir='ltr'><strong>et</strong></span> 
     </span>
     <span class='ocr_line' id='line_1_9' title="bbox 140 1130 979 1207; baseline -0.001 -20"><span class='ocrx_word' id='word_1_54' title='bbox 140 1145 143 1151; x_wconf 89' lang='grc'><strong>’</strong></span> <span class='ocrx_word' id='word_1_55' title='bbox 193 1131 287 1188; x_wconf 86' lang='lat' dir='ltr'><strong>bonus</strong></span> <span class='ocrx_word' id='word_1_56' title='bbox 307 1131 469 1207; x_wconf 91' lang='lat' dir='ltr'><strong>imperator,</strong></span> <span class='ocrx_word' id='word_1_57' title='bbox 490 1132 597 1207; x_wconf 82' lang='lat' dir='ltr'>gratias</span> <span class='ocrx_word' id='word_1_58' title='bbox 617 1144 722 1207; x_wconf 84' lang='lat' dir='ltr'><strong>ageret,</strong></span> <span class='ocrx_word' id='word_1_59' title='bbox 743 1131 818 1206; x_wconf 90' lang='lat' dir='ltr'><strong>quod</strong></span> <span class='ocrx_word' id='word_1_60' title='bbox 838 1149 870 1187; x_wconf 89' lang='lat' dir='ltr'><strong>se</strong></span> <span class='ocrx_word' id='word_1_61' title='bbox 889 1130 979 1187; x_wconf 89' lang='lat' dir='ltr'><strong>homo</strong></span> 
     </span>
     <span class='ocr_line' id='line_1_10' title="bbox 194 1221 979 1301; baseline -0.003 -18"><span class='ocrx_word' id='word_1_62' title='bbox 194 1225 329 1284; x_wconf 87' lang='lat' dir='ltr'><strong>inimicus</strong></span> <span class='ocrx_word' id='word_1_63' title='bbox 343 1227 490 1285; x_wconf 87' lang='lat' dir='ltr'><strong>consulem</strong></span> <span class='ocrx_word' id='word_1_64' title='bbox 506 1227 630 1298; x_wconf 83' lang='lat' dir='ltr'><strong>fecisset,</strong></span> <span class='ocrx_word' id='word_1_65' title='bbox 642 1227 716 1283; x_wconf 87' lang='lat' dir='ltr'><strong>bello</strong></span> <span class='ocrx_word' id='word_1_66' title='bbox 729 1221 888 1301; x_wconf 77' lang='lat' dir='ltr'><strong>presertim</strong></span> <span class='ocrx_word' id='word_1_67' title='bbox 899 1244 979 1301; x_wconf 78' lang='lat' dir='ltr'><strong>mog-</strong></span> 
     </span>
     <span class='ocr_line' id='line_1_11' title="bbox 149 1322 975 1401; baseline -0.002 -21"><span class='ocrx_word' id='word_1_68' title='bbox 149 1336 180 1387; x_wconf 90' lang='lat'><strong>10</strong></span> <span class='ocrx_word' id='word_1_69' title='bbox 194 1342 232 1380; x_wconf 90' lang='lat' dir='ltr'><strong>no</strong></span> <span class='ocrx_word' id='word_1_70' title='bbox 246 1333 275 1381; x_wconf 90' lang='lat' dir='ltr'><strong>et</strong></span> <span class='ocrx_word' id='word_1_71' title='bbox 288 1324 383 1401; x_wconf 85' lang='lat' dir='ltr'><strong>grnvi;</strong></span> <span class='ocrx_word' id='word_1_72' title='bbox 404 1323 513 1380; x_wconf 90' lang='lat' dir='ltr'><strong>“Nihil</strong></span> <span class='ocrx_word' id='word_1_73' title='bbox 528 1333 581 1394; x_wconf 82' lang='lat' dir='ltr'><strong>est,</strong></span> <span class='ocrx_word' id='word_1_74' title='bbox 594 1342 651 1398; x_wconf 93' lang='lat' dir='ltr'><strong>quo</strong></span> <span class='ocrx_word' id='word_1_75' title='bbox 664 1323 734 1380; x_wconf 91' lang='lat' dir='ltr'><strong>mihi</strong></span> <span class='ocrx_word' id='word_1_76' title='bbox 753 1322 859 1399; x_wconf 76' lang='lat' dir='ltr'><strong>gratias</strong></span> <span class='ocrx_word' id='word_1_77' title='bbox 878 1324 975 1398; x_wconf 83' lang='lat' dir='ltr'><strong>agas,&#39;’</strong></span> 
     </span>
     <span class='ocr_line' id='line_1_12' title="bbox 194 1419 976 1495; baseline -0.001 -18"><span class='ocrx_word' id='word_1_78' title='bbox 194 1419 296 1495; x_wconf 88' lang='lat' dir='ltr'><strong>inquit,</strong></span> <span class='ocrx_word' id='word_1_79' title='bbox 319 1420 371 1477; x_wconf 88' lang='lat' dir='ltr'><strong>“si</strong></span> <span class='ocrx_word' id='word_1_80' title='bbox 391 1421 478 1478; x_wconf 89' lang='lat' dir='ltr'><strong>malui</strong></span> <span class='ocrx_word' id='word_1_81' title='bbox 499 1420 656 1494; x_wconf 90' lang='lat' dir='ltr'><strong>compilari,</strong></span> <span class='ocrx_word' id='word_1_82' title='bbox 676 1438 760 1494; x_wconf 90' lang='lat' dir='ltr'><strong>quam</strong></span> <span class='ocrx_word' id='word_1_83' title='bbox 781 1419 919 1475; x_wconf 87' lang='lat' dir='ltr'><strong>venire:¹&#39;</strong></span> <span class='ocrx_word' id='word_1_84' title='bbox 944 1428 976 1476; x_wconf 89' lang='lat' dir='ltr'><strong>ut</strong></span> 
     </span>
     <span class='ocr_line' id='line_1_13' title="bbox 194 1514 973 1592; baseline -0.001 -21"><span class='ocrx_word' id='word_1_85' title='bbox 194 1515 294 1572; x_wconf 86' lang='lat' dir='ltr'>Asello</span> <span class='ocrx_word' id='word_1_86' title='bbox 308 1515 473 1586; x_wconf 84' lang='lat' dir='ltr'><strong>Africanus,</strong></span> <span class='ocrx_word' id='word_1_87' title='bbox 487 1516 636 1592; x_wconf 85' lang='lat' dir='ltr'><strong>objicienti</strong></span> <span class='ocrx_word' id='word_1_88' title='bbox 650 1515 768 1572; x_wconf 91' lang='lat' dir='ltr'><strong>lustrum</strong></span> <span class='ocrx_word' id='word_1_89' title='bbox 782 1514 852 1571; x_wconf 91' lang='lat' dir='ltr'><strong>illud</strong></span> <span class='ocrx_word' id='word_1_90' title='bbox 867 1514 973 1584; x_wconf 86' lang='lat' dir='ltr'><strong>infelix,</strong></span> 
     </span>
     <span class='ocr_line' id='line_1_14' title="bbox 195 1609 976 1685; baseline -0.001 -19"><span class='ocrx_word' id='word_1_91' title='bbox 195 1609 322 1682; x_wconf 87' lang='lat' dir='ltr'><strong>“Noli,¹’</strong></span> <span class='ocrx_word' id='word_1_92' title='bbox 350 1610 462 1685; x_wconf 78' lang='lat' dir='ltr'><strong>inquit,</strong></span> <span class='ocrx_word' id='word_1_93' title='bbox 478 1616 496 1643; x_wconf 89' lang='lat'>“</span> <span class='ocrx_word' id='word_1_94' title='bbox 506 1610 618 1667; x_wconf 89' lang='lat' dir='ltr'><strong>mirari:</strong></span> <span class='ocrx_word' id='word_1_95' title='bbox 652 1610 678 1667; x_wconf 80' lang='lat' dir='ltr'><strong>is</strong></span> <span class='ocrx_word' id='word_1_96' title='bbox 700 1610 787 1681; x_wconf 88' lang='lat' dir='ltr'><strong>enirn,</strong></span> <span class='ocrx_word' id='word_1_97' title='bbox 810 1610 859 1685; x_wconf 89' lang='lat' dir='ltr'><strong>qui</strong></span> <span class='ocrx_word' id='word_1_98' title='bbox 884 1620 914 1667; x_wconf 86' lang='lat' dir='ltr'><strong>te</strong></span> <span class='ocrx_word' id='word_1_99' title='bbox 939 1628 976 1666; x_wconf 88' lang='lat' dir='ltr'><strong>ex</strong></span> 
     </span>
     <span class='ocr_line' id='line_1_15' title="bbox 192 1705 975 1777; baseline -0.003 -14"><span class='ocrx_word' id='word_1_100' title='bbox 192 1705 311 1763; x_wconf 51' lang='lat' dir='ltr'><strong>erariis¹</strong></span> <span class='ocrx_word' id='word_1_101' title='bbox 334 1705 448 1775; x_wconf 88' lang='lat' dir='ltr'><strong>exemit,</strong></span> <span class='ocrx_word' id='word_1_102' title='bbox 482 1705 602 1762; x_wconf 90' lang='lat' dir='ltr'><strong>lustrum</strong></span> <span class='ocrx_word' id='word_1_103' title='bbox 634 1706 773 1777; x_wconf 80' lang='lat' dir='ltr'><strong>condidit,</strong></span> <span class='ocrx_word' id='word_1_104' title='bbox 801 1716 830 1763; x_wconf 91' lang='lat' dir='ltr'><strong>et</strong></span> <span class='ocrx_word' id='word_1_105' title='bbox 863 1716 975 1763; x_wconf 90' lang='lat' dir='ltr'><strong>taurum</strong></span> 
     </span>
     <span class='ocr_line' id='line_1_16' title="bbox 151 1801 974 1878; baseline 0.001 -20"><span class='ocrx_word' id='word_1_106' title='bbox 151 1818 182 1867; x_wconf 89' lang='lat'><strong>15</strong></span> <span class='ocrx_word' id='word_1_107' title='bbox 196 1801 379 1858; x_wconf 89' lang='lat' dir='ltr'><strong>immolavit.&#39;&#39;</strong></span> <span class='ocrx_word' id='word_1_108' title='bbox 433 1801 530 1858; x_wconf 85' lang='lat' dir='ltr'><strong>Tanta</strong></span> <span class='ocrx_word' id='word_1_109' title='bbox 556 1802 681 1876; x_wconf 71' lang='lat' dir='ltr'><strong>suspicio</strong></span> <span class='ocrx_word' id='word_1_110' title='bbox 707 1811 759 1872; x_wconf 82' lang='lat' dir='ltr'><strong>est,</strong></span> <span class='ocrx_word' id='word_1_111' title='bbox 780 1812 811 1860; x_wconf 93' lang='lat' dir='ltr'><strong>ut</strong></span> <span class='ocrx_word' id='word_1_112' title='bbox 835 1802 974 1878; x_wconf 82' lang='lat' dir='ltr'><strong>religione</strong></span> 
     </span>
     <span class='ocr_line' id='line_1_17' title="bbox 196 1897 974 1973; baseline 0 -18"><span class='ocrx_word' id='word_1_113' title='bbox 196 1897 340 1956; x_wconf 86' lang='lat' dir='ltr'><strong>civitatem</strong></span> <span class='ocrx_word' id='word_1_114' title='bbox 360 1897 691 1956; x_wconf 86' lang='lat' dir='ltr'><strong>obstrinxissevideatur</strong></span> <span class='ocrx_word' id='word_1_115' title='bbox 713 1898 880 1970; x_wconf 84' lang='lat' dir='ltr'><strong>Mummius,</strong></span> <span class='ocrx_word' id='word_1_116' title='bbox 900 1899 974 1973; x_wconf 86' lang='lat' dir='ltr'><strong>quod</strong></span> 
     </span>
     <span class='ocr_line' id='line_1_18' title="bbox 195 1993 620 2072; baseline -0.002 -21"><span class='ocrx_word' id='word_1_117' title='bbox 195 1993 326 2052; x_wconf 83' lang='lat' dir='ltr'><strong>Asellum</strong></span> <span class='ocrx_word' id='word_1_118' title='bbox 340 1993 498 2072; x_wconf 65' lang='lat' dir='ltr'><strong>ignominie</strong></span> <span class='ocrx_word' id='word_1_119' title='bbox 511 1993 620 2051; x_wconf 72' lang='lat' dir='ltr'><strong>levdrit.</strong></span> 
     </span>
    </p>
   </div>
   <div class='ocr_carea' id='block_1_3' title="bbox 150 2185 976 3127">
    <p class='ocr_par' dir='ltr' id='par_1_3' title="bbox 235 2185 974 2257">
     <span class='ocr_line' id='line_1_19' title="bbox 235 2185 974 2257; baseline 0 -13"><span class='ocrx_word' id='word_1_120' title='bbox 235 2185 358 2244; x_wconf 89' lang='lat' dir='ltr'><strong>LXVII.</strong></span> <span class='ocrx_word' id='word_1_121' title='bbox 389 2185 506 2246; x_wconf 84' lang='lat' dir='ltr'><strong>Urbana</strong></span> <span class='ocrx_word' id='word_1_122' title='bbox 525 2186 611 2244; x_wconf 88' lang='lat' dir='ltr'><strong>etiam</strong></span> <span class='ocrx_word' id='word_1_123' title='bbox 631 2185 819 2243; x_wconf 83' lang='lat' dir='ltr'><strong>dissimulatio</strong></span> <span class='ocrx_word' id='word_1_124' title='bbox 838 2195 891 2257; x_wconf 82' lang='lat' dir='ltr'><strong>est,</strong></span> <span class='ocrx_word' id='word_1_125' title='bbox 908 2205 974 2244; x_wconf 82' lang='lat' dir='ltr'><strong>cunr</strong></span> 
     </span>
    </p>

    <p class='ocr_par' dir='ltr' id='par_1_4' title="bbox 150 2281 976 3127">
     <span class='ocr_line' id='line_1_20' title="bbox 196 2281 974 2358; baseline -0.001 -19"><span class='ocrx_word' id='word_1_126' title='bbox 196 2281 252 2341; x_wconf 82' lang='lat' dir='ltr'><strong>alia</strong></span> <span class='ocrx_word' id='word_1_127' title='bbox 265 2282 409 2355; x_wconf 86' lang='lat' dir='ltr'><strong>dicuntur,</strong></span> <span class='ocrx_word' id='word_1_128' title='bbox 424 2302 458 2340; x_wconf 93' lang='lat' dir='ltr'><strong>ac</strong></span> <span class='ocrx_word' id='word_1_129' title='bbox 476 2283 591 2353; x_wconf 81' lang='lat' dir='ltr'><strong>sentias,</strong></span> <span class='ocrx_word' id='word_1_130' title='bbox 605 2300 664 2339; x_wconf 92' lang='lat' dir='ltr'><strong>non</strong></span> <span class='ocrx_word' id='word_1_131' title='bbox 678 2281 728 2338; x_wconf 91' lang='lat' dir='ltr'><strong>illo</strong></span> <span class='ocrx_word' id='word_1_132' title='bbox 740 2299 855 2358; x_wconf 84' lang='lat' dir='ltr'><strong>genere,</strong></span> <span class='ocrx_word' id='word_1_133' title='bbox 869 2283 905 2338; x_wconf 96' lang='lat' dir='ltr'><strong>de</strong></span> <span class='ocrx_word' id='word_1_134' title='bbox 918 2301 974 2357; x_wconf 90' lang='lat' dir='ltr'><strong>quo</strong></span> 
     </span>
     <span class='ocr_line' id='line_1_21' title="bbox 150 2377 975 2450; baseline -0.007 -9"><span class='ocrx_word' id='word_1_135' title='bbox 150 2391 183 2441; x_wconf 76' lang='lat'><strong>20</strong></span> <span class='ocrx_word' id='word_1_136' title='bbox 196 2388 266 2436; x_wconf 82' lang='lat' dir='ltr'><strong>ante</strong></span> <span class='ocrx_word' id='word_1_137' title='bbox 281 2378 350 2450; x_wconf 90' lang='lat' dir='ltr'><strong>dixi,</strong></span> <span class='ocrx_word' id='word_1_138' title='bbox 366 2398 432 2436; x_wconf 91' lang='lat' dir='ltr'><strong>cum</strong></span> <span class='ocrx_word' id='word_1_139' title='bbox 453 2379 596 2436; x_wconf 87' lang='lat' dir='ltr'><strong>contraria</strong></span> <span class='ocrx_word' id='word_1_140' title='bbox 614 2378 704 2449; x_wconf 83' lang='lat' dir='ltr'><strong>dicas,</strong></span> <span class='ocrx_word' id='word_1_141' title='bbox 718 2387 750 2434; x_wconf 95' lang='lat' dir='ltr'><strong>ut</strong></span> <span class='ocrx_word' id='word_1_142' title='bbox 765 2377 872 2434; x_wconf 83' lang='lat' dir='ltr'><strong>Lamiae</strong></span> <span class='ocrx_word' id='word_1_143' title='bbox 892 2378 975 2435; x_wconf 80' lang='lat' dir='ltr'><strong>Orne-</strong></span> 
     </span>
     <span class='ocr_line' id='line_1_22' title="bbox 197 2473 973 2551; baseline -0.003 -20"><span class='ocrx_word' id='word_1_144' title='bbox 197 2493 254 2546; x_wconf 82' lang='lat' dir='ltr'><strong>cus,</strong></span> <span class='ocrx_word' id='word_1_145' title='bbox 269 2475 319 2530; x_wconf 88' lang='lat' dir='ltr'><strong>sed</strong></span> <span class='ocrx_word' id='word_1_146' title='bbox 334 2493 400 2532; x_wconf 90' lang='lat' dir='ltr'><strong>cum</strong></span> <span class='ocrx_word' id='word_1_147' title='bbox 414 2485 474 2532; x_wconf 93' lang='lat' dir='ltr'><strong>toto</strong></span> <span class='ocrx_word' id='word_1_148' title='bbox 487 2493 593 2551; x_wconf 86' lang='lat' dir='ltr'><strong>genere</strong></span> <span class='ocrx_word' id='word_1_149' title='bbox 613 2473 750 2531; x_wconf 84' lang='lat' dir='ltr'><strong>orationis</strong></span> <span class='ocrx_word' id='word_1_150' title='bbox 766 2491 864 2530; x_wconf 86' lang='lat' dir='ltr'><strong>serere</strong></span> <span class='ocrx_word' id='word_1_151' title='bbox 884 2474 973 2545; x_wconf 84' lang='lat' dir='ltr'><strong>ludas,</strong></span> 
     </span>
     <span class='ocr_line' id='line_1_23' title="bbox 193 2569 976 2643; baseline -0.004 -16"><span class='ocrx_word' id='word_1_152' title='bbox 193 2573 264 2628; x_wconf 86' lang='lat' dir='ltr'><strong>&#39;cum</strong></span> <span class='ocrx_word' id='word_1_153' title='bbox 278 2569 358 2626; x_wconf 81' lang='lat' dir='ltr'><strong>aliter</strong></span> <span class='ocrx_word' id='word_1_154' title='bbox 372 2569 486 2640; x_wconf 80' lang='lat' dir='ltr'><strong>sentias,</strong></span> <span class='ocrx_word' id='word_1_155' title='bbox 501 2588 536 2626; x_wconf 92' lang='lat' dir='ltr'><strong>ac</strong></span> <span class='ocrx_word' id='word_1_156' title='bbox 551 2569 683 2643; x_wconf 83' lang='lat' dir='ltr'><strong>loquare:</strong></span> <span class='ocrx_word' id='word_1_157' title='bbox 702 2578 735 2625; x_wconf 89' lang='lat' dir='ltr'><strong>ut</strong></span> <span class='ocrx_word' id='word_1_158' title='bbox 746 2579 843 2625; x_wconf 86' lang='lat' dir='ltr'><strong>noster</strong></span> <span class='ocrx_word' id='word_1_159' title='bbox 865 2569 976 2626; x_wconf 76' lang='lat' dir='ltr'><strong>Scaevo-</strong></span> 
     </span>
     <span class='ocr_line' id='line_1_24' title="bbox 196 2664 975 2741; baseline -0.001 -18"><span class='ocrx_word' id='word_1_160' title='bbox 196 2665 225 2723; x_wconf 83' lang='lat' dir='ltr'><strong>la</strong></span> <span class='ocrx_word' id='word_1_161' title='bbox 238 2665 433 2741; x_wconf 84' lang='lat' dir='ltr'><strong>Septumuleio</strong></span> <span class='ocrx_word' id='word_1_162' title='bbox 447 2665 488 2722; x_wconf 92' lang='lat' dir='ltr'><strong>illi</strong></span> <span class='ocrx_word' id='word_1_163' title='bbox 502 2664 667 2741; x_wconf 87' lang='lat' dir='ltr'><strong>Anagnino,</strong></span> <span class='ocrx_word' id='word_1_164' title='bbox 678 2664 726 2722; x_wconf 90' lang='lat' dir='ltr'><strong>cui</strong></span> <span class='ocrx_word' id='word_1_165' title='bbox 738 2683 791 2740; x_wconf 90' lang='lat' dir='ltr'><strong>pro</strong></span> <span class='ocrx_word' id='word_1_166' title='bbox 804 2664 838 2721; x_wconf 88' lang='lat' dir='ltr'><strong>C.</strong></span> <span class='ocrx_word' id='word_1_167' title='bbox 849 2664 975 2722; x_wconf 87' lang='lat' dir='ltr'><strong>Gracchi</strong></span> 
     </span>
     <span class='ocr_line' id='line_1_25' title="bbox 194 2759 975 2838; baseline -0.004 -19"><span class='ocrx_word' id='word_1_168' title='bbox 194 2761 290 2838; x_wconf 85' lang='lat' dir='ltr'><strong>cupite</strong></span> <span class='ocrx_word' id='word_1_169' title='bbox 309 2771 371 2818; x_wconf 82' lang='lat' dir='ltr'><strong>erat</strong></span> <span class='ocrx_word' id='word_1_170' title='bbox 394 2779 493 2818; x_wconf 84' lang='lat' dir='ltr'><strong>nurum</strong></span> <span class='ocrx_word' id='word_1_171' title='bbox 519 2760 822 2837; x_wconf 69' lang='lat' dir='ltr'><strong>repensum,··.roganti,</strong></span> <span class='ocrx_word' id='word_1_172' title='bbox 843 2770 876 2817; x_wconf 92' lang='lat' dir='ltr'><strong>ut</strong></span> <span class='ocrx_word' id='word_1_173' title='bbox 894 2779 925 2817; x_wconf 84' lang='lat' dir='ltr'><strong>ee</strong></span> <span class='ocrx_word' id='word_1_174' title='bbox 944 2759 975 2816; x_wconf 89' lang='lat' dir='ltr'><strong>in</strong></span> 
     </span>
     <span class='ocr_line' id='line_1_26' title="bbox 151 2852 973 2932; baseline -0.002 -18"><span class='ocrx_word' id='word_1_175' title='bbox 151 2873 184 2924; x_wconf 69' lang='lat'><strong>25</strong></span> <span class='ocrx_word' id='word_1_176' title='bbox 195 2857 297 2915; x_wconf 80' lang='lat' dir='ltr'><strong>Asiam</strong></span> <span class='ocrx_word' id='word_1_177' title='bbox 329 2853 495 2932; x_wconf 71' lang='lat' dir='ltr'><strong>praefecturii</strong></span> <span class='ocrx_word' id='word_1_178' title='bbox 508 2852 655 2927; x_wconf 49' lang='lat' dir='ltr'><strong>retineret,</strong></span> <span class='ocrx_word' id='word_1_179' title='bbox 682 2856 793 2918; x_wconf 58' lang='lat' dir='ltr'><strong>“Quid</strong></span> <span class='ocrx_word' id='word_1_180' title='bbox 824 2856 877 2913; x_wconf 93' lang='lat' dir='ltr'><strong>tibi</strong></span> <span class='ocrx_word' id='word_1_181' title='bbox 903 2856 973 2927; x_wconf 81' lang='lat' dir='ltr'><strong>vis,&#39;&#39;</strong></span> 
     </span>
     <span class='ocr_line' id='line_1_27' title="bbox 195 2945 975 3028; baseline 0 -17"><span class='ocrx_word' id='word_1_182' title='bbox 195 2953 308 3028; x_wconf 64' lang='lat' dir='ltr'><strong>inquit*</strong></span> <span class='ocrx_word' id='word_1_183' title='bbox 320 2959 339 2985; x_wconf 81' lang='lat'><strong>‘⁴</strong></span> <span class='ocrx_word' id='word_1_184' title='bbox 349 2945 585 3011; x_wconf 70' lang='lat' dir='ltr'><strong>incanet‘catxa&#39;</strong></span> <span class='ocrx_word' id='word_1_185' title='bbox 599 2951 736 3011; x_wconf 80' lang='lat' dir='ltr'><strong>melorum</strong></span> <span class='ocrx_word' id='word_1_186' title='bbox 755 2961 800 3008; x_wconf 84' lang='lat' dir='ltr'><strong>eet</strong></span> <span class='ocrx_word' id='word_1_187' title='bbox 824 2951 975 3011; x_wconf 86' lang='lat' dir='ltr'><strong>multitudo</strong></span> 
     </span>
     <span class='ocr_line' id='line_1_28' title="bbox 196 3043 974 3127; baseline 0 -19"><span class='ocrx_word' id='word_1_188' title='bbox 196 3048 314 3122; x_wconf 79' lang='lat' dir='ltr'><strong>civium,</strong></span> <span class='ocrx_word' id='word_1_189' title='bbox 335 3057 366 3107; x_wconf 90' lang='lat' dir='ltr'><strong>ut</strong></span> <span class='ocrx_word' id='word_1_190' title='bbox 387 3047 441 3106; x_wconf 86' lang='lat' dir='ltr'><strong>tibi</strong></span> <span class='ocrx_word' id='word_1_191' title='bbox 466 3043 605 3127; x_wconf 79' lang='lat' dir='ltr'><strong>ego&#39;hoc</strong></span> <span class='ocrx_word' id='word_1_192' title='bbox 631 3046 808 3120; x_wconf 59' lang='lat' dir='ltr'><strong>commem,</strong></span> <span class='ocrx_word' id='word_1_193' title='bbox 827 3045 853 3104; x_wconf 78' lang='lat' dir='ltr'><strong>si</strong></span> <span class='ocrx_word' id='word_1_194' title='bbox 872 3047 974 3108; x_wconf 78' lang='lat' dir='ltr'><strong>Rome</strong></span> 
     </span>
    </p>
   </div>
   <div class='ocr_carea' id='block_1_4' title="bbox 0 0 1096 3575">
    <p class='ocr_par' dir='ltr' id='par_1_5' title="bbox 0 0 1096 3575">
     <span class='ocr_line' id='line_1_29' title="bbox 0 0 1096 3575; baseline 0 0"><span class='ocrx_word' id='word_1_195' title='bbox 0 0 1096 3575; x_wconf 95' lang='lat' dir='ltr'><strong> </strong></span> 
     </span>
    </p>
   </div>
  </div>
 </body>
</html>
