2184 3575
130 361 221 424 nur}
411 351 455 410 nn
476 361 640 409 oasroan
900 347 957 407 187

131 512 167 570 ad
192 531 253 584 eos,
280 529 376 569 verum
403 511 489 570 etiarn
516 512 554 569 dc
577 509 636 568 filit
668 506 847 579 collocandi,
874 505 912 564 sle

131 609 221 667 fundo
241 608 371 680 emendo,
386 608 424 666 de
443 625 512 685 agro
531 607 663 677 colendo,
679 606 715 663 de
734 604 813 663 omni
833 603 912 661 ‹leni-

132 723 186 780 que
214 715 262 762 aut
287 705 384 762 officio
411 712 460 762 aut
485 703 611 780 negotio,
638 702 798 760 referretur.
838 699 913 758 Haec

131 801 185 858 suit
198 800 229 858 P.
245 800 342 858 Crassi
363 800 439 858 illiue
458 799 571 871 veteris,
585 798 648 856 hec
659 797 708 856 Ti.
723 795 911 867 Coruncanii,

132 896 193 954 haec
212 897 311 973 proavi
331 896 429 975 generi
450 895 516 967 mei,
531 894 685 970 Scipionis,
698 892 943 970 prudentissima

130 992 264 1063 hominis,
278 991 427 1072 sapientia,
443 990 505 1069 (qui
518 1009 617 1048 ornnes
632 989 784 1066 pontifices
796 987 913 1047 maximi

131 1088 259 1167 fuerunt)
284 1098 317 1144 ut
343 1087 378 1145 ad
405 1105 455 1144 eos
480 1087 517 1144 de
543 1085 677 1143 omnibus
702 1084 806 1142 divinis
829 1094 914 1160 atquc

131 1183 263 1241 humanis
276 1184 362 1242 rebus
375 1184 542 1251 referretur3
564 1181 708 1257 iidemque
727 1181 799 1238 etin
812 1190 913 1237 senatu

132 1289 162 1337 et
175 1279 249 1355 apud
262 1279 408 1355 populum,
421 1288 451 1336 et
463 1278 494 1336 ia
507 1277 602 1335 causis
616 1277 781 1347 amicorum,
795 1286 825 1334 et
837 1275 914 1334 domi

132 1385 162 1432 et
176 1375 293 1446 militie,
308 1374 459 1432 consilium
478 1391 562 1431 suum
580 1373 722 1447 fidemque
733 1372 912 1447 prestabant
929 1378 960 1429 1⁰

131 1469 214 1532 Quid
228 1469 304 1526 enim
319 1467 359 1527 M.
375 1467 491 1540 Catoni,
503 1477 606 1544 praeter
626 1466 702 1524 hauc
716 1465 914 1542 politissimam
966 1505 975 1532 ,

133 1565 292 1623 doctrinam
312 1563 527 1622 transmarinam
550 1572 634 1637 atque
655 1561 853 1633 adventiciam,
867 1561 915 1618 de·

133 1660 206 1720 fuist
226 1678 304 1732 num,
319 1659 386 1736 quia
403 1659 450 1736 jus
469 1658 555 1716 civile
573 1657 723 1728 didicerat,
737 1675 839 1715 causas
855 1675 915 1715 non

132 1757 265 1818 dicebatl
286 1767 344 1829 aut,
357 1755 423 1833 quia
435 1764 549 1833 poterat
561 1754 668 1826 dicere,
679 1752 751 1831 juris
764 1752 915 1813 scientiam

132 1855 315 1932 negligebatl
336 1864 364 1912 at
378 1864 498 1928 utroque
512 1852 542 1910 in
557 1870 662 1929 genere
678 1862 709 1909 et
724 1850 871 1924 laboravit,
885 1861 915 1909 et
930 1863 962 1913 15

131 1950 276 2027 prestitit:
310 1968 390 2021 uum,
415 1959 531 2025 propter
564 1948 641 2006 hanc
672 1966 709 2005 ex
739 1946 915 2024 privatorum

132 2046 256 2123 negotiis
275 2045 426 2103 collectam
446 2044 576 2121 gratiam,
589 2042 698 2102 tardior
717 2042 747 2100 in
767 2042 914 2118 republict

133 2140 308 2217 capessendi
331 2140 403 2199 fuitt
429 2154 515 2196 nemo
542 2137 617 2214 apud
641 2138 777 2214 populum
805 2138 915 2209 sortior,

133 2254 220 2294 nemo
239 2234 338 2293 melior
359 2243 490 2291 senator:
517 2232 593 2290 idem
617 2232 701 2291 facile
719 2232 846 2308 optimus
865 2232 917 2290 im·

132 2341 262 2409 perator:
283 2330 407 2404 denique
420 2328 491 2387 nihil
505 2328 535 2386 in
549 2328 603 2386 hac
614 2328 729 2386 civitate
742 2328 916 2405 temporibus
930 2338 964 2389 2⁰

133 2428 190 2486 run
216 2426 283 2485 satri
309 2426 417 2483 risone
442 2423 547 2501 potura
572 2424 648 2499 quoa
682 2423 730 2482 ure
761 2442 821 2482 non
847 2443 914 2483 eum
1007 2408 1014 2421 ‘

133 2522 311 2601 investigirit
324 2532 353 2581 et
366 2521 472 2593 scierit,
486 2530 546 2579 tum
561 2520 647 2579 etiarn
663 2520 874 2597 conscripserit

171 2619 271 2691 Nunc,
286 2626 396 2689 contra,
410 2616 538 2693 plerique
558 2616 593 2674 ad
614 2616 738 2674 honores
757 2616 916 2693 adipiscen-

132 2716 195 2787 dos,
208 2724 239 2774 et
252 2714 287 2774 etl
302 2714 508 2790 rempublicam
528 2712 694 2790 gerendam,
707 2710 778 2770 nudi
797 2713 915 2772 veniunt

135 2822 218 2887 atque
245 2812 384 2880 inermes3
415 2810 495 2867 nulli
518 2808 683 2886 cognitione
708 2826 813 2881 rernm,
835 2808 915 2869 nulli
930 2819 963 2869 w

134 2907 257 2966 scientit
288 2906 390 2965 ornati.
443 2906 497 2964 Sin
524 2904 627 2981 aliquis
658 2904 773 2964 excellit
798 2923 873 2965 nnus
897 2924 917 2964 a

134 3003 248 3074 multis3
280 3003 362 3063 effert
387 3020 441 3075 se,
455 3002 480 3060 si
513 3019 602 3061 unum
635 3000 742 3079 uliquid
768 3001 857 3074 all'est,
883 3010 917 3061 ut

76 3136 78 3139 -
135 3099 268 3160 bellicam
287 3098 430 3171 uirtutem,
451 3106 501 3159 aut
518 3116 603 3159 usam
622 3096 746 3175 aliquem
765 3096 916 3161 mitiorem

373 3195 436 3255 12*
