2184 3575
128 325 156 373 n.
166 324 231 387 rm.
411 324 454 371 nn
474 322 638 371 onironn
920 308 958 367 to

128 472 333 531 disoedsndum
359 481 410 531 ost.
451 471 519 530 Non
546 471 633 543 onim,
661 470 737 529 siont
761 486 912 547 argumen-

129 579 200 641 tum,
212 570 296 625 simul
312 579 395 643 atque
415 568 538 644 positum
555 578 608 638 est,
618 566 765 642 proripitur,
781 566 911 624 alterum·

130 684 185 739 qne
205 676 233 723 et
252 666 367 723 tertium
387 665 524 740 pos'oitur,
546 664 586 721 ito
605 662 842 733 miserioordiom,
863 671 912 721 not

131 760 274 831 invidiam,
290 771 338 819 aut
358 760 545 829 iracundiam,
562 760 646 819 simul
668 768 752 834 atque
772 758 911 828 intuleris,

128 856 220 931 possis
246 875 435 913 oommovore.
489 856 701 932 Argumentum
733 854 811 912 enirn
837 854 942 911 ratioo

128 952 189 1028 ipsa
221 953 381 1023 oonfirmnt,
408 970 471 1027 qnae
498 951 583 1011 simul
617 959 701 1025 atquo
727 950 832 1007 emisso
856 961 911 1021 ost,

129 1049 313 1107 ndhaeresoit:
332 1049 418 1117 ¹illud
448 1058 542 1105 autem
570 1066 662 1125 genus
687 1047 826 1105 orationis
851 1064 911 1104 non

128 1146 323 1221 cognitionem
340 1145 457 1221 judicis,
476 1145 527 1201 sed
547 1144 639 1221 magis
658 1144 911 1219 perturbationem,

127 1242 256 1317 requirit,
277 1260 361 1315 qnam
386 1242 531 1316 oonseqni,
551 1240 608 1297 nisi
628 1240 717 1298 moini
736 1250 765 1298 et
785 1239 863 1297 varii
883 1248 912 1296 ot

129 1338 247 1412 copioso
268 1338 406 1407 oratione,
421 1346 450 1393 et
468 1336 554 1393 simili
575 1335 760 1393 contentione
780 1335 911 1406 notionis,
927 1340 957 1389 10

128 1452 215 1491 nemo
234 1442 334 1508 potest.
375 1433 486 1504 Quare,
500 1432 549 1507 qui
570 1442 619 1489 out
639 1431 760 1489 brevitor
781 1441 829 1489 nut
848 1432 913 1487 sub·

128 1529 214 1586 misse
238 1529 347 1601 dicunt,
369 1530 473 1587 dooere
491 1529 619 1605 jndicem
637 1538 767 1603 possunt,
787 1546 913 1585 oommo·

128 1644 194 1684 vere
221 1644 292 1683 non·
305 1635 439 1719 possunt3
472 1625 501 1683 in
526 1644 582 1700 qno
607 1635 674 1683 sunt
699 1624 805 1683 omnia.
846 1624 913 1681 Jnrn

129 1721 199 1780 illud
218 1722 400 1800 perspicuum
420 1732 473 1795 est,
488 1721 616 1779 omnium
636 1740 730 1779 rorum
751 1721 782 1778 in
800 1731 913 1778 oontrn·

128 1819 185 1877 rias
211 1831 304 1895 portes
338 1820 502 1877 saoultntem
535 1837 571 1876 ex
603 1818 705 1875 iisdem
738 1817 911 1894 suppeditari
928 1825 958 1874 15

128 1915 209 1974 loois.
250 1917 307 1974 Sed
330 1925 495 1992 argumento
515 1915 704 1973 resistendum
723 1924 777 1985 ost,
795 1924 847 1972 out
866 1914 911 1985 iis,

129 2031 191 2086 qun
212 2012 416 2088 comprobandi
437 2013 498 2088 ejus
522 2012 611 2070 coust
636 2021 797 2082 sumuntur,
818 2029 912 2086 repro·

130 2108 298 2178 hendendis,
329 2118 377 2166 aut
409 2108 641 2179 demonstrando,
668 2107 708 2177 id,
735 2107 812 2181 qnod
845 2125 913 2164 oon·

130 2204 247 2262 olodere
268 2203 308 2260 illi
328 2203 425 2274 velint,
446 2221 503 2260 non
525 2203 600 2261 effioi
620 2222 656 2260 ex
675 2202 837 2278 propositis,
857 2221 913 2260 noo

131 2319 194 2356 esse
208 2311 401 2375 consequens:
424 2308 480 2369 out,
495 2299 519 2355 si
533 2300 574 2357 ita
586 2317 645 2356 non
659 2298 782 2369 refellas,
798 2298 914 2356 offeren-
927 2307 959 2358 ἢ)

131 2397 199 2455 dum
227 2405 269 2452 est
295 2395 325 2452 in
353 2394 524 2451 oontrorinm
556 2405 674 2469 portem,
700 2393 775 2468 qnod
800 2393 838 2450 sit
865 2404 914 2452 not
966 2461 970 2468 Ι

130 2491 253 2568 gravius,
276 2500 324 2548 aut
343 2507 423 2565 aeqne
442 2508 536 2566 grove.
578 2489 633 2546 Illo
656 2499 761 2561 nutem,
782 2509 844 2564 qnae
865 2500 914 2548 ont

131 2587 340 2649 oonoiliationis
373 2587 464 2650 causo,
496 2585 609 2657 leniter,
643 2595 693 2644 not
727 2587 914 2661 permotionis

131 2685 312 2743 vehementer
339 2694 471 2760 aguntur,
493 2682 645 2740 contrariis
672 2683 914 2742 commotionibus

131 2780 279 2840 inserenda
312 2789 387 2850 sunt,
414 2789 446 2838 ut
470 2779 539 2838 odio
572 2779 779 2852 benevolentia,
805 2779 960 2840 miseri-25

132 2875 231 2934 nordit
245 2874 361 2947 invidio,
375 2875 498 2934 tollatur.
953 2911 1056 3010 s

966 3005 1006 3035 s

173 3065 248 3128 LIV.
277 3066 381 3129 Sosiis
401 3077 496 3128 autom
515 3078 570 3142 ost,
589 3078 620 3128 ot
639 3068 820 3129 vehementer
839 3083 914 3144 sono
