2184 3575
113 278 169 338 lot
429 289 472 336 nn
494 289 656 336 carrona
847 285 942 345 [una

157 436 347 508 incendimur,
362 446 390 494 et
410 436 541 508 lenimur,
562 447 591 494 et
611 437 833 513 languescimus,
853 445 883 492 et
903 434 941 491 ad

156 533 337 604 hilaritatem,
357 543 386 590 et
414 533 449 590 ad
475 533 629 604 tristitiam,
650 550 725 608 saepe
750 532 940 589 deducimur:

155 647 274 705 quorum
295 628 344 686 illa
364 629 529 686 summaria
547 628 723 685 carminibus
742 638 786 684 est
805 629 896 702 aptior
910 637 942 683 et

155 725 297 796 cantibus,
311 743 369 780 nou
383 725 525 800 neglecto,
537 735 569 780 ut
581 724 651 780 mihi
666 723 784 794 videtur,
800 743 817 780 a
830 723 859 779 N
862 723 939 793 umal,

125 829 141 877 5
156 839 222 897 rege
242 819 416 891 doctissimo,
431 820 642 896 majoribusque
662 817 777 890 uostris,
793 829 826 876 ut
844 819 941 894 epula·

155 936 218 973 rum
254 916 414 974 solennium
448 917 518 973 fides
552 935 587 973 ac
617 917 704 987 tibiae,
738 914 940 988 Saliorumque

155 1030 261 1084 versus,
277 1012 421 1082 iudicant;
443 1013 565 1070 maxime
579 1024 674 1070 autem
688 1032 706 1069 a
717 1011 830 1068 Graecia
844 1021 940 1066 vetere

155 1108 307 1166 celebrata.
371 1108 489 1170 Quibus
526 1109 634 1166 utinam
671 1108 867 1181 similibusque
903 1107 940 1163 de

155 1205 240 1260 rebus
258 1203 406 1280 disputari,
428 1224 512 1279 quam
533 1206 569 1262 de
588 1205 745 1280 puerilibus
771 1203 816 1263 bis
841 1204 941 1260 verbo·

110 1312 140 1360 10
155 1319 217 1357 rum
230 1301 473 1371 translationibus,
488 1300 675 1358 maluissetis!

193 1398 311 1469 Verum,
333 1408 365 1454 ut
385 1398 414 1455 ia
435 1417 515 1454 versu
538 1399 648 1472 vulgus,
668 1395 693 1452 si
713 1406 757 1453 est
775 1407 938 1471 peccatum,

155 1493 247 1552 videt:
267 1493 321 1564 sic,
335 1493 360 1551 ai
380 1493 448 1568 quid
470 1494 500 1550 in
521 1494 618 1550 nostrd
639 1493 767 1550 oratione
783 1493 938 1563 claudicat,

155 1591 249 1648 sentit.
291 1591 349 1646 Sed
362 1595 455 1664 polita
469 1608 527 1645 non
542 1589 674 1671 ignoscit,
688 1589 772 1646 nobis
787 1589 939 1646 concedit:

156 1687 243 1742 tacite
256 1696 352 1742 tamen
366 1703 466 1740 omnes
479 1703 537 1741 non
553 1703 616 1740 esse
626 1684 707 1755 illud,
718 1685 792 1758 quod
803 1685 938 1755 diximus,

109 1794 140 1845 15
157 1793 251 1858 aptum
262 1780 477 1857 perfectumque
492 1793 620 1838 cernunt.
654 1780 756 1855 Itaque
766 1781 807 1838 illi
819 1793 939 1853 veteres,

157 1876 247 1953 (sicut
266 1876 351 1935 hodie
371 1876 456 1933 etiam
478 1877 632 1932 nonnullos
647 1877 789 1955 videmos)
804 1896 870 1934 cum
885 1878 941 1934 cir·

157 1974 265 2031 cultum
286 1983 315 2029 et
334 1974 415 2048 quasi
435 1974 530 2030 orbem
553 1974 702 2029 verborum
723 1975 866 2031 conficere
879 1994 939 2031 non

154 2080 279 2147 possent,
305 2069 385 2146 (nam
409 2070 437 2126 id
462 2070 578 2144 quidem
604 2089 694 2145 nuper
718 2071 761 2126 vel
787 2089 871 2145 posse
894 2072 938 2127 vel

156 2168 260 2224 audere
284 2167 435 2244 coepirnus)
457 2176 548 2237 terna,
570 2177 619 2223 aut
640 2166 716 2236 bina,
738 2177 786 2223 aut
806 2166 939 2223 nonnulli

109 2276 140 2326 m
155 2263 267 2339 singula
280 2263 365 2319 etiam
380 2264 465 2319 verba
486 2262 637 2319 dicebant:
658 2264 717 2337 qui,
732 2263 762 2319 in
777 2263 825 2319 illi
845 2263 939 2319 infan-
1025 2253 1027 2256 ’

154 2358 195 2416 tit
209 2358 340 2428 naturali,
357 2358 440 2434 (illud
460 2358 536 2432 quod
559 2377 641 2415 aures
661 2358 809 2415 bominum
830 2359 939 2435 flagita·

154 2454 236 2532 haut)
256 2453 412 2511 tendebant
437 2463 543 2523 tamen,
565 2464 598 2511 nt
616 2462 645 2509 et
665 2454 714 2510 illa
733 2461 829 2511 essent
847 2455 936 2529 paria,

152 2568 217 2624 quse
250 2549 389 2621 dicerent,
413 2560 445 2609 el
473 2549 628 2627 aequalibus
662 2549 938 2625 interspirationibus

154 2654 308 2704 uterentur,

107 2848 141 2900 25
194 2838 258 2898 LII.
290 2840 416 2917 Exposui
437 2842 505 2911 sere,
520 2851 552 2898 ut
570 2842 737 2917 potui,'quae
757 2841 880 2897 maxime
901 2839 937 2897 ad

141 2945 287 2993 ornatum
314 2938 451 2994 orationis
476 2937 619 3012 pertinere
651 2937 813 2994 arbitrabar.
868 2937 937 2993 Dixi

156 3032 233 3090 enim
256 3030 292 3088 de
314 3031 492 3108 singulorum
513 3032 599 3090 laude
620 3033 788 3102 verboram
817 3031 878 3089 dixi
901 3030 939 3087 de
