2184 3575
150 326 206 387 ne
466 340 509 388 on
530 339 692 388 onaroaa.
866 328 974 400 rum.

177 503 242 544 nes
261 503 307 546 res
326 497 371 546 est
389 488 448 547 ulla
467 489 620 561 difficilior,
640 502 734 564 neque
760 488 860 564 major,
878 491 975 563 neque

191 603 253 659 que
267 584 348 660 plura
362 585 524 662 adjumenta
537 587 674 644 doctrine
688 585 838 642 desideret.

230 682 378 754 Attamen,
392 683 525 757 quoniam
547 683 583 739 de
603 692 716 739 oratore
733 681 818 738 nobis
831 681 975 756 disputan·

191 777 260 834 dum
279 787 332 848 est,
349 778 384 835 de
405 796 516 836 summo
535 788 647 837 oratore
667 777 761 834 dicam
781 789 900 834 necesse
921 787 972 833 est.

143 905 146 916 ι
162 874 244 932 ovis
257 874 333 930 enim
347 883 376 931 et
389 884 490 932 natura
503 875 555 946 rei,
568 874 625 932 nisi
645 874 771 950 perfecta
792 883 856 930 ante
874 872 975 930 oculos

190 970 315 1044 ponitur,
329 971 419 1044 qualis
432 980 461 1026 et
475 980 581 1044 quante
600 971 646 1041 sit,
661 969 780 1046 intelligi
799 984 857 1026 non
870 979 973 1045 potest.

192 1063 243 1121 Me
264 1075 367 1135 antem,
389 1065 502 1136 Catule,
524 1066 622 1136 fateor,
641 1083 734 1139 neque
755 1065 841 1121 hodie
860 1064 891 1121 in
910 1064 974 1122 istis

191 1160 280 1230 libris,
302 1170 331 1216 et
351 1178 416 1217 cum
437 1161 498 1218 istis
518 1161 682 1217 hominibus
701 1161 811 1229 vivere3
831 1178 886 1218 nec
907 1178 973 1217 vero

194 1255 237 1332 (id
252 1256 326 1330 quod
347 1266 377 1313 tu
398 1268 476 1314 recte
497 1256 731 1335 commeministi)
746 1256 834 1314 ullum
849 1266 974 1330 unquam
1008 1259 1012 1264 “

147 1359 179 1408 10
193 1352 326 1409 babuisse
352 1353 505 1426 sepositum
532 1362 644 1427 tempus
671 1352 706 1408 ad
732 1352 917 1422 discendum,
939 1370 975 1408 ec

193 1458 303 1505 tantum
329 1448 462 1505 tribuisse
494 1447 633 1504 doctrinae
665 1447 808 1522 temporis,
835 1457 974 1522 quantum

192 1544 263 1602 mihi
282 1545 399 1620 puerilis
419 1544 644 1627 aetas-forenses
664 1543 750 1614 ferie,
772 1544 973 1601 concesserint

232 1735 347 1794 XXIII.
379 1735 429 1808 At,
457 1735 481 1794 si
506 1735 618 1813 quaeris,
646 1736 758 1809 Catule,
782 1735 818 1794 de
844 1735 975 1795 doctrind
1079 1766 1080 1769 ¹

193 1832 248 1889 isit
266 1832 342 1908 'qnid
368 1846 423 1909 ego
450 1832 580 1904 sentiam,
602 1851 661 1890 nou
687 1843 798 1891 tantum
824 1833 975 1909 ingenioso

148 1932 179 1980 15
194 1928 310 1999 homini,
325 1930 404 2000 etei,
419 1929 466 2003 qui
483 1929 584 2000 forum,
598 1929 786 2004 qui'curiam,
801 1930 849 2003 qui
863 1946 974 2000 causas,

194 2025 242 2099 qui
256 2024 458 2099 rempublicam
474 2034 592 2099 spectet,
606 2043 678 2099 opus
697 2043 759 2081 esse
773 2026 892 2082 arbitror
905 2034 976 2081 tem·
1079 2081 1080 2114 ᾗ

193 2120 281 2195 poris,
296 2132 431 2194 quantum
451 2120 505 2176 sibi
526 2120 544 2176 ii
562 2131 732 2191 sumserunt,
746 2139 817 2195 quos
831 2120 975 2177 discentes
1079 2119 1080 2184 ἶ

186 2217 252 2274 uita
272 2216 385 2273 defecit.
439 2216 549 2273 Omnes
575 2217 653 2273 enim
680 2226 754 2274 artes
781 2216 862 2274 aliter
884 2215 976 2272 abiis

194 2322 360 2383 tractantur,
382 2313 430 2386 qui
451 2331 499 2369 eas
521 2312 556 2369 ad
577 2331 658 2368 usum
680 2312 867 2380 transferunt3
892 2310 975 2368 aliter

148 2409 179 2459 20
196 2407 231 2463 ab
254 2407 299 2477 iis,
323 2407 388 2481 qui,
406 2406 530 2481 ipsarum
559 2406 661 2464 artium
684 2416 806 2464 tractatu
830 2406 974 2479 delectati,

194 2500 264 2557 nihil
289 2502 318 2558 in
342 2502 400 2560 vitu
423 2512 489 2558 sunt
513 2502 590 2559 aliud
614 2502 713 2559 acturi
764 2499 902 2577 Magister
926 2501 976 2559 bic

195 2596 365 2654 Samnitium
399 2606 428 2655 et
461 2598 572 2653 summai
602 2596 660 2673 jam
694 2606 842 2654 senectute
867 2607 919 2668 est,
946 2608 977 2655 et

194 2689 321 2764 quotidie
341 2700 565 2748 commentatur:
589 2689 659 2746 nihil
681 2690 756 2746 enim
779 2699 859 2747 curat
880 2690 974 2749 aliud:

196 2792 223 2839 at
236 2782 275 2844 Q.
290 2783 427 2841 Velocius
443 2802 516 2859 vpuer
538 2782 730 2840 addidicerat:
751 2784 801 2840 sed
821 2784 897 2859 quod
914 2794 977 2842 erat

148 2886 180 2936 ct
194 2888 276 2952 aptus
297 2878 331 2935 ad
355 2878 434 2950 illud,
454 2888 603 2953 totumque
629 2878 777 2956 cogndrat,
798 2878 861 2952 suit,
881 2889 912 2937 ut
932 2890 978 2937 est

193 2972 270 3049 apud
284 2972 438 3047 Lucilium,
