2184 3575
128 375 209 439 nn]
409 374 452 423 nn
473 374 637 423 ommonn
915 360 953 419 tl

129 524 216 596 idem,
243 541 309 581 oum
342 523 490 582 brachium
523 521 755 591 oonealefeoarit,
783 530 848 577 tum
876 536 910 577 ee

129 620 221 678 solere
241 638 383 697 pugnare:
403 636 496 696 neque
517 618 647 689 attendit,
662 636 711 676 eoa
730 617 816 693 ipeoe,
832 616 910 673 unde

130 716 186 774 hoo
206 716 297 774 simile
316 716 412 788 dunat,
427 716 489 774 illas
501 716 608 792 primas
628 715 723 772 hastas
743 712 784 770 ita
800 712 910 789 jactare

128 812 240 885 leniter,
261 822 293 870 ut
313 825 341 870 et
361 812 500 869 venustati
520 811 565 869 vel
585 810 708 869 maxime
727 808 860 880 serviant,
881 817 910 865 et

128 909 246 984 reliquis
278 908 385 966 viribus
417 908 477 965 suis
509 907 669 965 oonsulant.
728 904 833 981 Neque
865 914 940 962 eet5

128 1006 258 1076 dubium,
282 1004 354 1079 ,quin
387 1004 534 1063 exordium
561 1002 676 1061 dioendi
702 1003 855 1060 vehemens
880 1010 910 1059 et

127 1120 245 1178 pugnax
264 1118 322 1157 non
342 1120 416 1177 saepe
435 1118 498 1158 esse
524 1099 644 1156 debeat:
670 1099 731 1169 md,
751 1097 775 1155 ei
795 1098 825 1156 in
847 1096 910 1173 ipeo

130 1197 180 1254 iilo
200 1196 368 1273 gladiatorio
381 1196 445 1253 vitae
465 1195 630 1265 certamine,
644 1212 701 1270 quo
718 1195 793 1251 ferro
812 1193 898 1250 deeer

130 1292 218 1363 nitur,
232 1302 327 1349 tamen
349 1302 413 1349 ante
426 1275 618 1367 ¹congressum
638 1291 727 1347 muita
745 1289 826 1360 fiunt,
846 1308 909 1365 quat

131 1406 190 1444 non
205 1386 240 1444 ad
254 1386 364 1458 vulnus,
378 1387 427 1444 sed
443 1387 479 1445 ad
493 1387 628 1462 speciem,
638 1386 732 1443 valere
744 1386 908 1455 videantur3
924 1393 955 1442 1⁰

133 1491 240 1556 quanto
254 1482 309 1539 hoe
325 1482 416 1559 magia
435 1480 466 1540 in
485 1481 614 1539 oratione
633 1481 865 1556 exspectandum,
879 1479 910 1537 in

132 1577 189 1652 qud
209 1595 266 1634 non
287 1577 328 1635 vis
349 1578 452 1654 potius,
473 1577 523 1635 sed
550 1576 713 1645 delectatio,
733 1575 910 1651 postulaturi

131 1672 213 1730 Nihil
239 1684 283 1731 est
308 1674 430 1749 denique
457 1674 487 1732 in
513 1673 617 1732 naturd
644 1690 738 1730 rerum
771 1672 909 1744 omnium,

132 1768 207 1845 quod
234 1789 265 1828 se
290 1768 453 1829 universum
478 1770 641 1846 profundat,
662 1778 691 1828 et
716 1767 791 1846 quod
816 1778 909 1827 totum

131 1875 246 1943 repente
269 1867 377 1926 evolet:
404 1867 447 1926 sio
473 1867 579 1937 omnia,
600 1885 662 1946 que
688 1866 770 1938 fiunt,
789 1883 910 1942 queque
924 1867 955 1916 15

133 1971 253 2039 aguntur
280 1963 427 2036 aoerrime,
453 1963 616 2022 lenioribus·
635 1962 784 2039 principiis
808 1971 911 2020 natura

132 2057 193 2134 ipsa
205 2058 360 2133 pratexuit.

172 2153 245 2210 Haeo
266 2163 359 2210 autem
380 2153 554 2212 indicendo
579 2172 638 2210 non
664 2153 841 2210 extrineeoue
861 2151 912 2209 uli·

134 2249 229 2306 eunde
248 2248 408 2323 querenda,
428 2249 479 2306 ned
498 2268 535 2306 ex
554 2249 623 2323 ipeia
640 2248 797 2306 visceribus
817 2266 912 2306 oaueae

134 2344 273 2402 sumenda
295 2352 368 2401 eunt.
408 2343 532 2416 Idoiroo,
556 2344 616 2401 totd
640 2344 727 2403 oaued
751 2344 956 2419 pertentatur

135 2449 218 2516 atque
243 2439 403 2515 perspeotd,
427 2439 498 2497 loeis
512 2435 654 2498 ¹omnibun
680 2439 801 2498 inventia
827 2449 912 2515 atque

134 2535 289 2607 instructis,
306 2535 545 2594 considerandum
565 2545 617 2608 eet,
638 2553 695 2610 quo
712 2535 855 2612 principio
874 2536 913 2594 eit

134 2631 287 2688 utendum:
315 2630 358 2688 sio
381 2640 410 2688 et
431 2630 515 2690 senile
540 2630 704 2707 reperietur.
757 2631 912 2692 sumentur

134 2726 211 2784 enim
231 2725 435 2798 extimebat,
455 2745 518 2801 qne
541 2735 623 2785 erunt
648 2725 798 2784 uberrime
816 2725 860 2784 vel
881 2726 911 2784 in

136 2821 319 2898 argumentis,
345 2821 388 2880 vei
415 2823 445 2880 in
471 2822 507 2880 iis
531 2822 668 2897 partibus,
695 2821 731 2879 nd
756 2839 827 2897 quae
851 2821 955 2880 dixtna

136 2917 245 2994 digredi
265 2937 339 2997 saepe
359 2930 497 2995 oportere.
537 2919 582 2978 Ita
600 2929 630 2977 et
649 2919 785 2978 momenti
805 2918 912 2994 uiiquid
973 2975 980 2992 ‚

137 3013 263 3085 afferent,
284 3031 350 3073 oum
369 3025 452 3073 erunt
471 3032 552 3090 pane
571 3033 606 3073 ex
624 3014 725 3074 intimo
745 3015 913 3074 defensione

135 3109 311 3188 deprompta,
324 3119 354 3170 et
373 3109 528 3189 apparebit,
541 3128 577 3170 ea
588 3128 648 3170 non
666 3111 753 3171 modo
771 3129 831 3170 non
849 3126 913 3167 enee

213 3221 278 3265 von.
292 3223 324 3266 n.
440 3205 461 3265 6
