2184 3575
139 322 179 382 68
456 335 499 382 nn
520 334 682 383 onerosa
878 330 961 392 [nrt

182 481 355 557 posteritatis
369 483 555 541 immortalem
571 481 737 548 memoriam
757 480 888 557 augebit3
908 479 964 537 uti·

183 576 292 635 litatem
305 597 341 635 ex
353 579 438 637 laude
457 577 537 636 nasei
557 578 700 649 desendet,
714 593 882 652 semperque
898 592 963 633 eam

184 690 251 732 eum
265 673 401 751 dignitate
415 693 477 731 esse
490 674 681 749 eonjunotam.

174 841 181 846 ν
224 770 282 827 Sed
302 769 368 844 quid
388 770 449 827 fieri
468 770 567 846 possit,
583 778 631 826 aut
649 787 708 826 non
725 767 824 843 possit,
838 766 963 843 quidque

155 862 270 924 betium
296 862 333 921 sit
358 881 486 934 neeesse,
511 872 640 921 autnon
663 862 710 932 sit,
734 862 764 919 in
788 861 910 935 utrique
930 879 962 919 re

184 959 306 1019 maxime
321 969 364 1015 est
383 959 573 1034 querendum.
613 958 753 1016 Inciditur
771 957 849 1015 enim
869 957 963 1015 omnis

182 1054 241 1132 jam
261 1053 436 1126 deliberatio,
457 1055 480 1111 si
502 1054 669 1131 intelligitur
695 1072 753 1111 non
778 1071 862 1128 posse
890 1053 961 1125 lieri,

186 1161 234 1208 aut
254 1150 278 1208 si
298 1150 453 1209 nenessitas
473 1151 604 1210 affertur:
623 1149 713 1225 etqui
733 1150 763 1207 id
783 1149 889 1222 docuit,
903 1167 962 1207 non

186 1246 345 1305 videntibus
360 1247 432 1320 aliis,
446 1247 470 1305 is
483 1246 635 1322 plurimum
648 1246 726 1304 vidit.

141 1358 172 1407 ιο
223 1342 272 1400 Ad
295 1343 444 1401 eonsilium
473 1353 566 1401 autem
593 1343 629 1399 de
655 1341 802 1418 republioai
827 1341 962 1414 dandum,

185 1447 271 1514 eaput
296 1448 349 1511 est,
376 1438 460 1497 ndsse
486 1439 705 1513 rempublicam
741 1438 775 1495 ad
808 1438 962 1495 dicendum

186 1552 252 1593 vero
265 1534 456 1609 probabiliter,
470 1532 555 1591 misse
567 1551 661 1592 mores
675 1533 812 1603 eivitatis3
833 1533 882 1608 qui
895 1533 963 1608 quia

186 1630 287 1689 erebro
313 1641 467 1701 mutantur,
494 1648 585 1706 genus
617 1647 728 1704 qnoque
756 1629 894 1687 orationis
918 1639 962 1687 est

186 1744 260 1803 saepe
280 1726 454 1785 mutandum.
508 1726 556 1798 Et,
576 1744 736 1802 quanquam
763 1744 820 1783 uua
841 1726 900 1783 fere
919 1726 962 1784 vis

139 1839 172 1889 15
185 1833 229 1880 est
248 1823 427 1898 eloquentie,
447 1833 552 1895 tamen,
566 1823 633 1898 quia
652 1841 761 1880 summa
781 1822 904 1900 dignitas
919 1833 964 1881 est

184 1918 292 1994 populi,
325 1919 490 1996 gravissima
521 1938 609 1976 eausa
640 1918 813 1993 reipublicae,
846 1919 963 1976 maximi

184 2025 277 2092 motus
297 2015 501 2085 multitudinis3
523 2033 614 2092 genus
628 2031 740 2090 quoque
752 2015 869 2072 dioendi
880 2035 964 2092 gran·

185 2109 249 2168 dius
274 2109 414 2185 quoddam
448 2119 476 2167 et
507 2109 644 2167 illustrius
674 2127 737 2166 esse
770 2110 985 2167 adhibendum„

185 2204 310 2261 videtur:
343 2204 518 2279 maximaque
541 2222 606 2278 pars
628 2203 764 2261 orationis
788 2203 962 2262 admovenda

139 2309 228 2366 mest
252 2301 286 2358 ad
311 2300 467 2358 animorum
491 2310 585 2356 motus
608 2318 821 2375 nonnunquam,
846 2309 894 2357 aut
917 2319 962 2358 oo·

186 2396 355 2468 hortatione,
376 2406 424 2454 aut
445 2396 714 2457 commemoratione
738 2395 842 2469 aliqui,
864 2406 912 2454 aut
932 2397 961 2455 in

185 2509 274 2568 spem,
289 2483 344 2550 aut¹
356 2491 386 2550 in
406 2504 521 2562 metum,
537 2502 585 2549 aut
604 2492 640 2550 ad
655 2491 848 2566 cupiditatem,
864 2504 912 2549 aut
925 2492 961 2550 ad

184 2588 314 2668 gloriam,
335 2588 531 2659 concitandos,
552 2607 626 2663 saepe
651 2588 735 2646 etiam
757 2606 774 2645 a
792 2588 961 2661 temeritate,

185 2684 343 2754 iracundis,
357 2703 416 2761 spe,
431 2683 544 2760 injurii,
554 2683 675 2756 invidia,
692 2683 869 2755 erudelitate,
883 2703 962 2743 revo-

138 2799 171 2850 25
184 2782 299 2841 candos.

223 2972 395 3034 LXXXIII.
426 2973 474 3033 Fit
488 2983 592 3047 autem,
605 2984 647 3046 ut,
661 2975 728 3050 quia
743 2971 866 3031 maxima
879 2972 960 3048 quasi

185 3072 289 3134 orosii
308 3089 395 3130 scena
413 3070 540 3131 videatur
560 3068 911 3148 concrematumque
924 3067 960 3127 ad
