2184 3575
445 358 487 405 un
510 346 687 406 onerosa(
872 357 954 420 [un.

170 514 213 565 est
232 515 323 565 toturn
343 506 462 565 scurrile
484 505 660 588 {judicium}
702 506 780 584 Ergo
800 507 872 580 hec,
887 527 953 583 quae

170 603 273 661 cadere
293 613 411 679 possunt
424 604 454 660 in
469 622 539 677 quos
557 604 640 675 nolis,
655 604 782 678 quamvis
795 604 852 662 sint
867 605 952 677 bella,

170 710 236 757 sunt
254 710 349 757 tamen
371 700 432 775 ipso
452 718 557 775 genere
580 700 718 759 scurrilia.
759 700 797 757 Ut
818 702 881 773 iste,
901 702 952 777 qui

169 814 200 853 se
219 796 278 853 vult
299 796 438 867 dicacem,
454 805 492 866 et,
507 796 681 867 mehercule,
695 807 748 868 est,
764 797 884 872 Appius,
899 798 952 855 sed

139 898 371 965 5nonnunquam
399 892 429 948 in
456 891 512 947 hoc
534 892 634 949 vitium
658 893 778 950 scurrile
799 893 949 952 delabitur.

168 992 188 1019 ⁴¹
198 986 353 1057 Coenabo,’'
370 987 471 1060 inquit,
486 992 505 1019 “
515 988 590 1063 apud
610 989 666 1058 te,'’
682 988 751 1045 bulo
769 989 851 1046 lusco
869 990 950 1047 farni-

167 1082 230 1139 liari
255 1100 330 1153 meo,
354 1083 387 1140 C.
414 1083 529 1140 Sextio:
561 1084 639 1139 “uni
663 1084 740 1140 enirn
763 1085 859 1142 locum
886 1105 949 1143 esse

167 1177 278 1234 video.”
320 1177 372 1235 Est
393 1178 448 1237 hoc
472 1178 601 1248 scurrile,
622 1189 651 1235 et
670 1180 746 1253 quod
772 1180 834 1237 sine
861 1181 949 1238 cause

167 1273 319 1345 lacessivit,
346 1285 374 1331 et
402 1285 498 1332 tamen
526 1275 554 1331 id
581 1275 662 1345 dixit,
690 1275 763 1348 quod
792 1276 821 1332 in
848 1296 949 1334 omnes

122 1380 153 1429 10
166 1368 261 1427 luscos
281 1370 454 1429 conveniret.
496 1370 550 1441 Ea,
571 1371 638 1445 quia
658 1371 793 1428 meditata
812 1385 947 1447 putantur

165 1484 238 1537 esse,
253 1466 347 1523 minus
361 1467 498 1524 ridentur.
540 1467 615 1523 lllud
636 1468 782 1543 egregium
804 1469 903 1542 Sextii,
918 1480 948 1526 et

165 1578 201 1619 ex
219 1571 363 1637 ternpore:
385 1570 403 1596 “
414 1564 519 1620 Manus
538 1563 630 1634 lava,’'
645 1563 747 1637 inquit,
762 1570 819 1622 “et
836 1567 945 1622 ooena.”

203 1656 357 1734 Temporis
383 1658 469 1735 igitur
498 1660 582 1730 ratio,
610 1667 638 1715 et
665 1659 753 1734 ipsius
786 1660 956 1719 dicacitatis

164 1754 322 1812 moderatio
345 1764 374 1813 et
397 1754 594 1831 temperantia,
619 1765 647 1813 et
669 1755 769 1814 raritas
795 1756 945 1830 dictorum,

120 1866 150 1916 15
164 1851 320 1928 distinguet
339 1862 480 1909 oratorem
497 1853 624 1910 ascurrd
633 1873 640 1922 ;
662 1863 700 1924 et,
715 1853 791 1927 quod
812 1873 865 1910 nos
879 1873 945 1911 cunr

164 1947 251 2004 causa
272 1948 404 2019 dicimus,
419 1967 476 2004 non
498 1959 528 2004 ut
549 1948 661 2007 ridiculi
681 1950 836 2028 videamur,
850 1950 899 2029 sed
915 1960 946 2007 nt

162 2043 344 2121 proficiamus
378 2044 493 2118 aliquid,
522 2044 563 2101 illi
590 2054 680 2101 toturn
714 2045 800 2117 diem,
827 2056 856 2102 et
883 2047 945 2103 sine

162 2141 257 2199 causa.
297 2141 378 2204 Quid
400 2141 476 2198 enim
496 2151 539 2198 est
558 2141 685 2216 Vargula
706 2151 862 2212 assecutus,
877 2160 944 2198 curn

161 2255 225 2294 eum
255 2237 423 2294 candidatus
449 2236 488 2293 A:
515 2237 711 2311 Sempronius,
735 2253 801 2291 curn
829 2234 870 2292 M.
892 2255 944 2293 suo

115 2352 148 2402 20
161 2332 255 2404 fratre,
271 2333 434 2409 complexus
447 2343 537 2391 esset:
560 2338 579 2365 “
589 2333 674 2403 Puer,
691 2333 773 2407 abige
788 2333 942 2389 muscasl”

159 2427 265 2486 Risum
292 2430 430 2508 quesivit,
458 2429 506 2504 qui
540 2439 593 2501 est,
622 2429 685 2486 med
718 2428 871 2498 sententid,
898 2428 942 2486 rel

161 2525 344 2582 tenuissimus
377 2526 484 2602 ingenii
518 2526 636 2582 fructus.
692 2522 822 2599 T‘empus
857 2524 942 2601 igitur

162 2621 286 2692 dicendi,
309 2622 461 2696 prudentii
487 2632 516 2678 et
542 2621 690 2696 gravitate,
715 2619 941 2690 moderabimnr3

158 2737 278 2792 quarum
297 2720 407 2776 utinam
429 2729 516 2782 artem
536 2718 661 2792 aliquam
681 2716 866 2775 haberemus!
891 2716 942 2777 sed

112 2834 147 2884 ᾖ
160 2811 274 2880 domina
283 2825 387 2873 «natura
400 2825 452 2882 est,

194 3008 277 3079 ·L'X1.
303 3008 397 3069 ¹Nunc
415 3029 592 3087 exponamus
613 3014 718 3086 genera
738 3009 800 3082 ipsa
820 3023 943 3063 summa·

155 3105 220 3180 tim,
241 3126 303 3188 que
323 3109 410 3168 risum
427 3107 554 3172 maxime
572 3116 716 3172 moueant.
758 3103 831 3161 Huc
855 3102 941 3179 igitar

1078 559 1083 762 l
