2184 3575
179 324 220 382 46
497 334 540 381 ne
561 317 722 389 charone,
924 333 1011 393 [nn.

227 480 296 539 illud
317 482 419 553 Siculi,
439 483 497 555 cui,
518 502 584 541 cum
603 482 751 541 familiaris
770 482 883 557 quidam
907 500 1012 557 quere-

226 590 312 649 retur,
327 580 402 653 quod
423 579 540 651 diceret,
556 598 670 637 uxorem
686 598 766 636 suam
780 578 961 654 suspendisse
974 596 1011 634 se

225 674 261 731 de
281 675 347 745 ficu,
369 675 510 735 “Amabo
530 676 587 746 te,¹’
604 675 704 749 inquit,
719 674 785 732 “da
804 674 873 731 mihi
894 692 929 731 ex
948 673 1009 729 isat
1080 709 1081 718 κ

226 771 335 842 arbore,
349 789 419 845 quos
433 790 522 828 seram
537 771 693 828 surculos.''
735 770 769 827 ln
783 771 883 827 eodem
897 787 1008 846 genere
1080 817 1081 832 ,

192 875 209 923 ὅ
224 875 276 937 est,
292 867 367 940 quod
381 867 500 924 Catulus
513 867 584 923 dixit
597 867 711 924 cuidam
732 866 837 923 oratori
854 864 940 932 malo,
953 864 1007 940 qui

225 980 290 1018 cum
309 961 338 1018 in
357 962 469 1039 epilogo
488 962 712 1019 misericordiam
732 981 763 1019 se
783 961 904 1018 movisse
922 970 1007 1036 puta·

223 1067 276 1126 ret,
289 1067 437 1131 postquam
458 1058 572 1128 assedit,
593 1057 703 1133 rogavit
722 1057 809 1127 hunc,
823 1056 1006 1113 videreturne

223 1152 445 1210 misericordiam
461 1153 597 1221 movissc3
618 1153 694 1210 “Ac
711 1171 843 1229 magnam
856 1151 1004 1227 quidem,”

223 1247 329 1322 inquit;
352 1248 523 1305 “neminem
543 1248 621 1305 enim
640 1258 709 1323 puto
729 1266 791 1305 esse
810 1258 868 1305 tam
888 1247 1003 1322 durum,

176 1353 207 1403 10
223 1344 270 1401 cui
290 1363 348 1401 non
368 1345 459 1403 oratio
480 1356 529 1403 tua
550 1346 709 1402 miserenda
728 1344 788 1401 risu
807 1344 871 1401 sit.''

261 1439 311 1497 Me
325 1440 449 1515 quidem,
464 1441 590 1512 hercule,
604 1440 685 1498 valde
706 1440 753 1497 illa
771 1449 886 1497 movent
898 1449 1004 1497 stoma·

221 1535 319 1605 chose,
333 1546 362 1593 et
381 1538 461 1611 quasi
480 1537 647 1593 submorosa
667 1536 797 1607 ridicule,
819 1554 885 1592 curo
904 1553 963 1592 non
985 1555 1003 1594 a

220 1648 334 1687 moroso
352 1630 502 1688 dicuntur:
523 1630 673 1688 tamenim
687 1649 745 1687 non
759 1631 810 1701 sal,
823 1630 875 1687 sed
888 1638 1001 1702 natura,

220 1725 335 1783 ridetur.
390 1724 423 1782 ln
451 1744 517 1801 quo,
545 1736 577 1782 ut
602 1726 672 1783 mihi
698 1726 818 1800 videtur,
842 1725 1002 1802 persalsum

174 1833 205 1882 15
221 1821 290 1880 illud
304 1831 348 1879 est
361 1821 434 1898 apud
449 1821 478 1879 N
480 1822 589 1880 aerium.

495 1979 587 2038 “Quid
598 1979 687 2042 ploras,
698 1983 783 2043 peter?

342 2057 436 2107 Mirum
447 2059 595 2107 cicentem:
612 2060 792 2107 condemnatus
802 2060 884 2108 sum.”

219 2205 299 2264 Huic
318 2205 417 2283 generi
438 2205 517 2280 quasi
536 2205 709 2263 contrarium
724 2215 767 2263 est
779 2205 893 2264 ridiculi
906 2225 999 2283 genus

217 2303 350 2378 patientis
362 2321 396 2360 ec
405 2301 490 2372 lenti;
502 2311 542 2373 ut,
552 2321 617 2360 cum
628 2301 703 2359 Cato
713 2320 864 2376 percussus
875 2312 950 2358 esset
960 2303 997 2359 ab

170 2409 203 2457 20
218 2415 262 2469 eu,
277 2398 325 2472 qui
341 2417 434 2454 arcem
449 2397 566 2469 ferebat,
578 2417 643 2455 cum
658 2397 706 2453 ille
719 2397 837 2468 diceret,
848 2404 865 2430 “
875 2398 953 2454 Care
962 2399 995 2468 ;”

218 2493 335 2569 rogavit,
351 2493 515 2567 “numquid
531 2494 607 2550 aliud
622 2493 706 2550 ferret
718 2503 818 2567 praeter
833 2495 970 2550 arceml’'

256 2589 350 2646 Etiem
365 2588 489 2646 stultitiae
509 2589 583 2646 salsa
601 2588 792 2663 reprehensio,
806 2598 839 2645 ut
852 2589 899 2645 ille
913 2589 996 2646 Sicu·

216 2683 270 2756 lus,
291 2683 339 2741 cui
361 2694 462 2759 praetor
489 2683 588 2758 Scipio
613 2693 762 2758 patronum
790 2702 883 2741 causae
910 2684 996 2742 dabat

217 2779 356 2855 hospitem
370 2798 462 2851 suum,
474 2779 617 2835 hominem
632 2779 766 2850 nobilem,
777 2780 827 2836 sed
842 2780 994 2837 admodum

168 2890 201 2940 25
216 2877 348 2933 stultum:
370 2875 536 2946 “Quaes0,”
555 2874 655 2949 inquit,
673 2881 813 2950 “praetor,
834 2877 993 2934 adversario

215 2989 279 3029 meo
299 2971 336 3027 de
352 2971 436 3028 istum
456 2981 617 3045 patronum,
637 2969 740 3029 deinde
760 2971 830 3028 mihi
849 2973 993 3029 neminem

215 3066 354 3126 dederis.”
