2184 3575
150 336 190 393 ct
468 350 511 396 nu
532 348 695 396 carrona.
761 342 763 347 ’
893 348 978 407 [cn.

233 496 362 555 Narrare
383 516 449 555 vero
472 516 532 556 rem
556 500 633 573 quod
659 485 787 556 breviter
803 498 919 575 jubent3
949 498 977 555 si

195 592 317 651 brevitas
345 595 511 670 appellanda
543 607 596 667 est,
624 614 689 652 cum
717 596 833 653 verbnm
865 595 976 652 nullutn

168 744 174 756 ,
195 690 346 761 redundat,
360 691 460 747 ¹brevis
480 703 523 748 est
543 691 576 748 L.
598 691 693 748 Crassi
720 692 828 762 orati03
849 692 893 749 sin
914 702 976 749 tuni

195 796 239 842 cst
252 786 384 857 brevitas,
398 805 464 843 curn
478 797 589 844 tanturn
603 787 753 845 verborum
770 797 824 859 est,
838 795 975 861 qnantum

165 888 313 938 buecesse
336 892 389 953 est,
414 882 566 956 aliquando
590 882 619 939 id
642 901 715 957 opus
737 894 796 939 est:
827 883 877 939 sed
900 900 975 956 soepe

195 977 276 1033 obest
290 977 333 1034 vel
355 978 476 1046 maxime
496 979 526 1035 in
546 978 698 1050 narrando,
712 998 771 1036 non
791 979 882 1036 solum
899 978 975 1053 quod

195 1073 398 1131 obscuritatem
420 1076 508 1145 affert,
530 1075 685 1132 sedetiam
706 1076 782 1149 quod
807 1094 871 1132 earn
891 1075 976 1132 virtu·

195 1178 262 1239 tem,
277 1187 339 1243 quae
359 1171 530 1228 narrationis
550 1181 593 1227 est
606 1171 738 1242 maxima,
752 1181 784 1228 nt
794 1171 931 1247 jucunda,
945 1181 975 1228 ct

196 1250 230 1321 ad
250 1265 477 1339 persuadendum
505 1267 786 1338 accommodabant,
807 1266 888 1324 tollit.
935 1266 975 1324 Ut

150 1372 181 1420 10
195 1361 252 1432 illa,
276 1362 379 1419 “Num
401 1364 424 1419 is
443 1369 592 1438 postquam
618 1363 740 1420 excessit
766 1380 802 1419 ex
826 1363 973 1438 ephebis‚''

194 1477 277 1532 quum
302 1459 387 1535 longa
411 1470 454 1515 est
477 1458 618 1515 narratio!
663 1458 768 1516 Mores¹
785 1458 975 1517 adolescentis

194 1553 292 1628 ipsius,
317 1565 344 1611 et
371 1554 480 1611 servilis
505 1556 691 1631 percontatio,
712 1573 789 1612 mors
815 1555 974 1630 Chrysidis,

194 1648 288 1706 vultus
306 1659 337 1705 et
356 1649 447 1707 forma
473 1660 501 1706 et
528 1650 692 1707 lamentatio
719 1649 834 1720 sororis,
851 1650 974 1725 reliqua,

194 1744 321 1821 pervarie
338 1745 521 1821 jucundeque
541 1756 698 1805 narrantur.
743 1745 834 1808 Quod
854 1746 879 1805 si
898 1746 975 1807 hauc

150 1852 181 1902 15
196 1841 361 1898 brevitatem
375 1842 530 1916 quaesisset,

293 2001 309 2028 ‘¹
318 1998 434 2060 Effertur,
444 1999 523 2058 imus;
540 1998 571 2046 sd
582 1998 724 2062 sepulcrum
735 2000 863 2049 venimus:

313 2077 349 2138 ⁴In
360 2079 443 2144 ignem
454 2079 532 2141 posita
542 2079 605 2139 est,”

197 2224 270 2302 [fere
290 2228 390 2283 decem
409 2225 570 2306 versiculis]
596 2236 686 2283 toturn
707 2227 850 2284 conficere
869 2227 975 2303 potuis-

195 2333 254 2379 set:
281 2341 441 2397 quanquam
469 2321 524 2378 hoc
551 2322 653 2397 ipsum,
681 2322 843 2392 “Effertur,
870 2323 972 2395 imus,'’

149 2425 181 2476 20
195 2418 341 2476 concisum
362 2428 415 2488 est,
430 2418 478 2488 ita,
494 2428 523 2474 ut
543 2419 754 2480 nonbrevitati‘
772 2419 906 2479 servitum
926 2420 973 2491 sit,

195 2513 244 2569 sed
265 2510 359 2590 magis
365 2513 519 2572 venustati.
558 2513 648 2573 Quod
662 2513 686 2570 si
699 2514 770 2571 nibil
785 2514 892 2584 suisset,
906 2514 973 2586 uisi,

195 2616 212 2642 ‘¹
224 2608 258 2664 ln
274 2607 367 2684 ignem
388 2608 480 2684 posita
493 2619 535 2666 est
544 2609 575 2677 ;”
596 2618 692 2666 tamen
706 2627 752 2666 res
765 2619 825 2668 tota
837 2610 974 2685 cognosci

195 2703 278 2761 facile
298 2704 445 2778 potuisset.
487 2704 544 2761 Sed
564 2694 593 2760 et
613 2703 792 2762 festivitatem
813 2706 898 2764 habet
910 2723 975 2762 nar·

194 2800 266 2857 ratio
282 2799 421 2857 ‘distincta
439 2799 579 2874 personis,
592 2809 622 2858 et
639 2799 820 2875 interpuncta
838 2801 974 2858 sermoni·

148 2909 180 2958 ᾖ
194 2895 263 2953 bus:
285 2905 314 2953 et
332 2907 376 2954 est
394 2893 579 2970 probabilius,
592 2896 669 2970 qood
682 2906 793 2972 gestum
806 2915 869 2954 esse
883 2897 973 2969 dicas,

194 3009 271 3060 oum,
304 2990 541 3065 quemadmodum
575 3002 671 3048 actum
703 2992 749 3062 sit,
778 3009 912 3066 exponas,
944 3001 974 3049 et

194 3088 284 3144 nrulto
305 3085 427 3170 apertius
447 3085 482 3143 ad
503 3085 718 3162 intelligendum
737 3095 790 3157 est,
804 3086 828 3142 si
843 3087 886 3146 sic
906 3077 973 3144 con-
