2184 3575
129 348 221 408 ern]
400 347 453 396 ne
476 347 639 394 onrronn.
905 329 963 387 Md

128 513 223 572 neque
256 495 441 556 Aristotelem
472 497 570 567 istum,
597 513 691 570 neque
724 494 914 564 Carneadem,

128 609 183 648 nec
202 591 431 667 philosophorum
445 608 626 666 quemquam,
641 591 790 648 desidero:
810 590 854 647 vei
869 609 915 648 me

128 685 197 744 licet
216 687 360 744 existimes
379 688 530 762 desperare
551 687 606 744 ista
631 705 714 762 posse
740 685 913 762 perdiscere,

128 782 171 839 vel
194 781 235 860 (id
257 783 333 857 quod
354 783 443 861 facio)
472 793 665 840 contemnere.
716 781 791 840 Mihi
818 801 913 839 rerum

128 877 283 938 sorensium
297 890 327 936 et
340 879 535 938 communium
556 879 681 956 vulgaris
700 883 764 936 haec
784 879 913 956 cognitio
927 880 944 932 5

127 973 196 1032 satis
215 993 321 1050 magna
340 984 383 1032 est
404 975 439 1031 ad
459 992 533 1046 eam,
551 994 636 1051 quam
657 985 764 1050 specto,
779 975 917 1049 eloquem‘

127 1068 212 1140 tiam;
233 1089 268 1126 ex
283 1070 339 1145 quai
360 1069 421 1144 ipsa
437 1080 532 1128 tamen
552 1071 694 1145 permulta
712 1071 828 1140 nescio;
850 1090 912 1145 que

127 1175 187 1220 turn
221 1165 354 1241 denique,
383 1183 448 1222 cunr
482 1185 571 1223 causa
604 1166 708 1241 eliqua,
734 1186 797 1242 que
824 1187 841 1224 a
866 1185 913 1226 ma

4 1285 5 1288 ¹
54 1342 57 1348 Δ
128 1259 252 1318 dicenda
284 1270 336 1332 est,
363 1261 515 1333 desiderat,
545 1280 650 1336 quero.
703 1262 911 1334 Quamobrem,

127 1355 184 1415 nisi
205 1356 277 1414 sorte
297 1375 328 1416 es
345 1357 404 1432 jam
424 1357 561 1429 defessus,
576 1368 605 1415 et
618 1358 643 1414 si
662 1358 715 1414 tibi
734 1377 794 1414 non
811 1377 913 1434 graves
928 1362 959 1412 1⁰

128 1469 236 1522 sumus,
250 1452 325 1510 reser
346 1453 381 1509 ad
401 1453 451 1511 illa
470 1463 509 1524 te,
527 1473 591 1528 quas
612 1452 648 1510 ad
668 1453 758 1528 ipsius
777 1455 914 1513 orationis

128 1543 241 1614 laudem
268 1546 504 1622 splendoremque
529 1547 689 1623 pertinent;
716 1567 780 1623 que
803 1567 858 1624 ego
878 1568 915 1606 ex

127 1653 156 1698 te
171 1640 270 1697 audire
283 1641 370 1714 volui,
384 1660 442 1706 non
463 1652 495 1700 ut
514 1643 693 1717 desperarem
714 1661 761 1700 me
780 1643 913 1720 eloquen-

127 1735 196 1795 tiam
217 1737 353 1812 consequi
374 1756 466 1815 posse,
480 1737 529 1797 sed
544 1750 576 1797 ut
597 1738 704 1814 aliquid
725 1739 910 1809 addiscerem.

166 1926 325 1987 XXXVII.
356 1927 435 2001 Turn
475 1928 606 2001 Crassus,
643 1928 827 2007 Pervulgatas
866 1949 912 1990 res
928 1936 960 1986 15

110 2023 257 2105 requiris,
278 2025 379 2099 inquit,
400 2036 430 2081 et
449 2024 501 2081 tibi
521 2043 580 2082 non
601 2025 771 2103 incognitas,
790 2026 911 2102 Sulpici.

127 2119 205 2181 Quis
231 2119 308 2177 enim
342 2119 378 2175 de
411 2120 467 2177 isto
500 2138 606 2195 genere
632 2138 691 2179 non
718 2121 826 2193 docuit,
853 2139 912 2179 nou

129 2213 262 2283 instituit,
289 2232 346 2271 non
376 2213 461 2271 etiam
496 2215 634 2288 scriptum
665 2215 800 2291 reliquit?
854 2216 913 2273 Sed

129 2326 226 2385 geram
255 2326 363 2366 rnorem
390 2319 420 2366 et
439 2327 474 2367 ea
494 2308 641 2381 duntaxat,
661 2330 724 2386 que
746 2312 817 2370 mihi
844 2323 914 2370 nota

129 2414 205 2477 sunt,
219 2403 341 2467 breviter
361 2422 501 2481 exponam
521 2405 591 2476 tibi;
612 2408 737 2465 censebo
756 2417 862 2480 tamen,
877 2409 914 2466 ad
928 2407 960 2457 20

129 2518 189 2573 eos,
203 2502 253 2576 qui
274 2510 405 2559 auctores
418 2510 448 2559 et
461 2501 624 2568 inventores
639 2513 710 2561 sunt
730 2504 828 2563 harum
845 2524 914 2563 sane

128 2596 302 2654 minutarum
322 2616 427 2669 rerum,
448 2598 656 2656 revertendum.
697 2598 802 2657 Omnis
827 2600 914 2679 igitur

129 2680 222 2757 orati'o
254 2692 406 2751 conficitur
432 2710 468 2752 ex
495 2694 604 2764 verbis3
638 2712 758 2770 quorum
791 2697 914 2772 primum

129 2787 213 2845 nobis
232 2787 306 2845 ratio
326 2788 493 2863 simpliciter
513 2788 637 2847 videnda
655 2801 710 2861 est,
723 2790 828 2849 deinde
847 2810 915 2851 con·

127 2882 244 2958 juncte:
270 2902 337 2941 nam
358 2884 535 2960 estquidam
556 2898 674 2944 ornatus
697 2887 845 2961 orationis,
865 2888 914 2964 qui
929 2890 961 2941 25

130 2996 167 3035 ex
186 2977 305 3056 singulis
324 2978 418 3037 verbis
437 2987 496 3049 est;
519 2980 601 3054 alius,
616 2981 665 3057 qui
685 3000 721 3039 ex
740 2983 916 3055 continuatis

131 3073 350 3152 conjunctisque
370 3085 491 3135 constat.
532 3076 612 3156 Ergo
631 3088 744 3139 utemur
759 3080 854 3139 verbis
866 3089 916 3151 ant
