2184 3575
140 337 196 398 166
457 349 500 395 nn
523 347 688 394 corrone
873 343 972 406 [nur

184 500 340 571 lenitatem,
360 508 390 555 et
410 514 605 567 numerorum,
626 514 711 571 quam
737 494 807 566 dixi,
828 495 972 553 rationem

184 597 368 667 tenuerimus,
383 604 442 653 tum
457 604 500 651 est
516 593 597 667 quasi
618 592 773 649 luminibus
793 592 973 668 distinguen-

184 694 221 752 cu
240 703 270 751 et
290 691 495 767 frequentanda
520 690 614 747 omnis
636 689 739 760 oratio,
762 689 972 747 sententiarum

185 801 269 866 atque
282 790 441 846 verborum.

151 991 167 1038 5
222 984 301 1042 LIII.
323 983 398 1041 Nam
411 994 440 1041 et
451 983 638 1041 commoratio
646 982 704 1039 uui
715 982 744 1039 in
755 999 786 1039 re
795 981 972 1058 permultum
1079 1054 1080 1061 ἵ

182 1091 286 1152 movet,
307 1090 335 1137 et
362 1081 480 1137 illustris
505 1079 677 1156 explanatio,
704 1094 866 1152 rerumque,
886 1079 972 1153 quasi

182 1187 327 1253 gerantur,
348 1177 402 1234 sub
423 1177 588 1252 adspectum
614 1194 697 1251 pene
719 1175 876 1251 subjectio;
905 1193 972 1250 quie

181 1283 211 1330 et
230 1273 260 1330 iu
280 1274 450 1349 exponendi
470 1292 501 1330 re
521 1273 674 1348 plurimum
688 1272 773 1342 valet,
786 1281 815 1329 et
836 1269 872 1328 ad
891 1271 971 1328 illus·

182 1369 313 1426 trandum
328 1369 356 1427 id
371 1370 446 1445 quod
461 1369 622 1444 exponitur,
633 1378 662 1425 et
673 1369 708 1425 ad
720 1368 950 1444 amplificandum
961 1387 970 1438 3

135 1473 166 1523 1⁰
181 1466 271 1537 otiis,
285 1467 334 1541 qui
356 1467 481 1538 audient,
496 1466 576 1537 illud,
590 1466 666 1540 quud
688 1465 864 1540 augebimus,
879 1483 971 1538 quan·

181 1573 241 1620 tum
255 1562 368 1620 efficere
382 1563 474 1620 oratio
492 1562 605 1638 poterit,
620 1570 729 1618 tautum
743 1577 806 1617 esse
819 1559 968 1616 rideatur:

181 1668 210 1714 et
223 1657 291 1714 huic
305 1657 449 1714 contraria
468 1675 543 1730 saepe
563 1655 711 1730 percursio
730 1664 782 1726 est,
797 1664 827 1711 et
844 1655 910 1730 plus
930 1655 969 1712 ad

181 1751 408 1828 intelligendum,
423 1769 508 1825 quarn
528 1750 644 1822 dixeris,
665 1750 846 1827 significatio,
860 1761 890 1809 et
910 1750 970 1809 dis·

180 1845 270 1903 tincte
294 1845 411 1903 concisa
434 1844 566 1915 brevitas,
593 1856 622 1901 ct
648 1845 822 1916 extenuatio,
842 1855 871 1902 et
896 1846 968 1904 huic

134 1957 165 2005 15
181 1942 314 2018 adjuncta
334 1941 438 2012 illusio,
454 1940 634 2017 apraeeeptis
654 1941 776 1998 Caesaris
791 1960 850 1999 non
865 1942 968 1999 abbor-

179 2056 261 2097 rens:
282 2048 311 2095 et
324 2038 359 2096 ab
372 2056 403 2095 re
416 2038 501 2114 longa
512 2037 674 2115 degressio;
696 2037 726 2094 in
737 2038 794 2113 qui
805 2058 871 2096 cum
880 2039 966 2097 luerit

179 2134 340 2207 delectatio,
355 2144 415 2191 tum
435 2134 545 2191 reditus
566 2134 602 2191 ad
622 2152 682 2191 rem
703 2144 785 2209 aptus
798 2143 827 2191 et
846 2135 967 2192 concin-

178 2246 233 2288 nus
252 2248 315 2287 esse
335 2230 468 2287 debebit:
488 2230 710 2305 propositioque,
724 2228 793 2303 quid
813 2229 853 2286 sis
872 2229 967 2287 dietu-

177 2344 235 2398 rus,
259 2336 289 2383 et
315 2326 351 2383 ab
374 2344 418 2397 eo,
442 2324 518 2401 quod
541 2335 586 2381 est
612 2325 731 2395 dictum,
755 2324 906 2400 sejunctio,
933 2335 965 2383 et

130 2432 162 2483 2⁰
178 2422 285 2479 reditus
299 2421 334 2479 acl
348 2422 534 2497 propositum,
547 2431 575 2477 et
589 2420 711 2491 iteratio,
723 2432 751 2478 et
765 2420 883 2477 rationis
897 2431 965 2496 apta

177 2518 342 2575 conclusio:
363 2527 434 2589 tum,
447 2517 571 2593 augendi
586 2516 768 2573 minuendive
782 2517 880 2589 causi,
891 2518 963 2575 veri·

177 2613 243 2670 tatis
264 2614 417 2689 superlatio
431 2622 515 2687 atque
529 2612 677 2688 trajectio:
698 2622 728 2668 et
741 2613 860 2689 rogatio,
876 2624 961 2688 atque

176 2708 245 2766 huic
257 2708 378 2766 finitima
392 2709 472 2783 quasi
485 2708 675 2784 percontatio,
689 2708 885 2783 expositioque
898 2728 962 2766 seu·

175 2804 271 2862 teutiae
292 2824 367 2863 sure:
387 2814 448 2861 tum
462 2805 520 2875 illa,
535 2823 599 2879 quae
620 2805 741 2862 maxime
760 2805 841 2880 quasi
861 2805 961 2881 irrepit

127 2914 160 2963 25
175 2899 205 2956 iu
226 2898 373 2959 huminum
387 2912 507 2969 mentes,
522 2899 578 2956 alia
597 2899 729 2971 dicentis,
744 2918 779 2957 ac
797 2900 960 2977 significau-

174 2995 221 3065 tis,
235 2994 439 3064 dissimulatio;
466 2992 542 3069 [quae
563 3004 607 3051 est
626 2994 812 3070 perjucunda,
830 3014 907 3066 cum,
927 2996 958 3053 in

175 3090 313 3162 oratioue,
333 3107 393 3147 non
413 3090 610 3164 contentione,
629 3091 681 3149 sed
704 3107 836 3149 sermone
855 3102 958 3151 tracta·
