2184 3575
144 315 200 374 tou
460 328 503 378 oo
524 328 686 381 ortamno.
878 327 975 390 [nnn

225 473 257 532 L.
289 473 440 536 Clausulas
460 487 555 535 autem
575 478 741 556 diligentius
757 479 844 537 etiam
858 495 975 535 servan·

186 567 236 626 des
256 589 319 628 erse
340 573 469 644 arbitror,
489 593 574 648 quam
594 575 750 650 superiora,
778 575 855 649 quod
875 574 975 631 iubis
1080 618 1081 621 ,

185 667 307 724 maxime
318 669 456 743 perfectio
470 680 555 744 atque
568 671 711 728 absolutio
720 671 882 746 judicatur:
903 689 974 727 nam

185 764 282 821 versus
306 784 385 838 aeque
409 765 508 840 prima,
529 775 559 822 et
579 767 683 838 medis,
703 777 732 824 et
755 778 882 824 extrema
905 785 974 844 pars

155 861 355 930 battenditur3
390 861 439 936 qui
469 861 643 934 debilitatur,
671 863 701 920 iu
727 864 907 938 qudcumque
933 862 974 920 sit

184 967 263 1031 parte
297 957 467 1014 titubatum:
509 958 538 1015 in
575 959 705 1017 oratione
738 969 843 1030 autem,
877 959 975 1034 prima

185 1052 271 1128 pauoi
284 1063 415 1125 cernunt,
429 1064 572 1130 postrema
583 1055 728 1131 plerique:
747 1073 821 1130 que,
835 1055 973 1129 quoniam

186 1158 321 1222 apparent
340 1158 369 1206 et
390 1149 597 1226 intelliguntur,
612 1150 746 1208 varianda
766 1161 842 1222 sunt,
863 1169 900 1207 ne
922 1160 974 1208 aut

186 1243 344 1301 animorum
360 1244 478 1322 judiciis
492 1245 686 1322 repudientur,
701 1259 749 1304 aut
763 1247 872 1304 aurium
887 1246 975 1304 satie·

140 1342 170 1392 10
185 1350 251 1397 tate.
292 1340 358 1399 Duo
384 1342 461 1400 enim
496 1352 544 1400 aut
570 1352 628 1400 tres
661 1353 727 1400 sunt
749 1343 818 1400 lere
850 1343 973 1400 extremi

185 1438 314 1495 servandi
329 1447 358 1496 et
370 1439 489 1497 notandi
509 1439 606 1516 pedes,
620 1439 645 1496 si
660 1441 745 1497 modo
764 1458 823 1497 non
839 1439 973 1497 breviora

185 1544 214 1592 et
233 1535 353 1610 praeoira
372 1545 456 1593 erunt
479 1536 642 1612 superiora;
672 1553 745 1610 quos
768 1546 816 1593 aut
838 1536 971 1608 oboreos,

186 1640 235 1688 aut
254 1631 365 1702 heroos,
387 1641 435 1689 eut
457 1632 581 1692 alternos
606 1651 670 1689 esse
696 1632 848 1708 oportebit,
869 1633 972 1691 tutin

184 1744 283 1802 parone
304 1726 352 1782 illo
371 1726 539 1802 posteriore,
561 1746 645 1802 quem
666 1727 836 1785 Aristoteles
857 1729 969 1805 probat,

140 1831 170 1880 15
186 1831 234 1879 aut
254 1821 281 1878 ei
301 1822 362 1897 pari
383 1822 499 1881 oretioo.
547 1823 660 1880 Horum
680 1824 892 1883 vicissitudines
910 1826 971 1883 effi·

186 1917 320 1988 cientur
332 1936 424 1994 nsque
444 1918 464 1976 ii
484 1919 633 1991 satientur,
647 1920 696 1994 qui
713 1920 838 1993 audient,
853 1921 970 1979 fastidio

185 2014 389 2087 similitudinis,
410 2034 466 2073 neo
485 2034 538 2073 nos
559 2016 598 2088 id,
619 2016 696 2091 quod
716 2017 864 2090 satiemus,
880 2017 971 2094 operi

185 2110 281 2169 dediti
296 2112 390 2187 faeere
404 2112 559 2171 videamur.

222 2208 312 2270 Quod
339 2208 363 2265 si
390 2208 541 2284 Antipater
570 2209 618 2267 ille
644 2209 791 2280 Sidonius,
818 2228 904 2284 quem
936 2220 969 2267 tu

138 2318 174 2366 2⁰-
184 2306 283 2380 probe,
318 2304 431 2375 Catule,
464 2306 630 2377 meministi,
663 2305 765 2363 solitus
794 2316 839 2363 est
871 2325 969 2363 versus

186 2401 364 2458 hexametros
385 2401 510 2476 aliosque
523 2402 610 2459 variis
626 2401 719 2459 modis
739 2411 822 2476 atque
841 2403 969 2460 numeris

186 2496 305 2553 sundere
318 2516 352 2554 er
367 2508 504 2572 ternpore,
515 2508 682 2573 tantumque
692 2498 816 2555 bominis
826 2498 969 2575 ingenioei

187 2610 221 2649 ae
235 2592 368 2653 memoris
382 2593 470 2651 vuluit
489 2593 664 2665 exercitatio,
679 2603 720 2665 ut,
735 2614 802 2651 oum
821 2614 853 2652 se
872 2606 969 2653 mente

187 2687 221 2745 ao
235 2689 378 2747 voluntate
399 2690 570 2765 eonjeoisset
583 2689 613 2746 iu
627 2708 749 2761 versum,
763 2691 850 2748 verbe
868 2708 968 2765 seque·

138 2796 170 2848 25
185 2796 297 2855 rentur;
319 2795 425 2860 quanto
446 2785 474 2842 id
496 2785 609 2843 faoilius
629 2784 659 2843 iu
679 2787 818 2857 oratione,
832 2787 969 2845 exereitu-

185 2878 263 2938 tione
277 2890 306 2938 et
320 2880 528 2938 cousuetudine
543 2874 922 2956 adhibite-consequemur?

218 2976 299 3033 .Illud
320 2986 415 3033 eutem
435 2994 472 3033 ne
490 2975 554 3051 quis
567 2976 731 3048 admiretur,
744 2978 968 3052 quonammodo

185 3072 248 3130 heo
261 3071 362 3147 uulgus
375 3070 569 3147 imperitorum
583 3071 613 3130 iu
624 3072 772 3131 -uudiendo
783 3083 879 3147 notet;
899 3092 969 3133 oum
