2184 3575
143 335 180 399 12
461 352 505 401 nn
527 351 692 402 onnnonn.
891 345 974 413 [nn

186 499 261 572 tatis,
275 500 379 575 populo
393 500 530 559 Romano
544 501 616 572 dari,
631 502 694 559 sine
713 487 851 559 nobilium
864 501 973 559 dissen-

186 596 276 669 sione,
289 598 433 673 potuisse:
456 614 499 670 ac,
514 600 538 655 si
553 598 609 656 ille
622 597 779 656 seditiones
798 597 883 655 saluti
903 597 980 655 buic-

186 693 295 751 civitati
322 694 451 764 fuissent,
478 712 536 751 non
564 694 711 766 continuo,
736 694 761 751 si
787 692 851 768 quis
877 702 973 750 motus

185 790 283 865 populi
307 790 399 847 factus
426 802 511 863 esset,
532 791 616 849 id'c.
638 790 777 848 Norbano
804 790 834 847 in
861 788 972 847 nefario

155 886 316 959 dorimine,
342 897 426 961 atque
450 887 479 944 in
504 888 604 944 fraude
628 887 754 963 capitali,
778 905 842 944 csse
864 904 973 962 ponem

186 982 263 1039 dum.
316 982 405 1043 Quod
427 982 450 1039 si
472 1002 598 1058 unquam
617 982 723 1059 populo
742 982 882 1039 Romano
905 1000 973 1040 oon·

187 1096 298 1134 cessum
321 1089 405 1150 esset,
426 1088 459 1135 ut
482 1078 546 1155 jure
574 1077 737 1135 concitatus
763 1077 908 1134 videretun
927 1076 976 1155 (id

186 1174 262 1249 quod
289 1174 426 1231 docebam
455 1194 528 1251 saepe
556 1194 619 1231 esse
645 1176 841 1253 concessum),
864 1173 978 1231 nullane.
1080 1253 1081 1256 Ἴ

187 1269 236 1326 illa
264 1286 379 1327 causam
411 1270 562 1345 justiorem
595 1270 691 1327 fuisse.
745 1269 823 1326 Tum
857 1283 978 1325 omnem

142 1376 172 1425 10
187 1365 343 1423 orationem
370 1366 482 1423 traduxi
509 1376 537 1423 et
562 1366 691 1424 converti
714 1366 744 1423 in
769 1365 976 1441 increpandam=

187 1462 331 1538 Caepionis
345 1462 452 1539 sugam,
467 1462 496 1519 in
511 1462 717 1538 deplorandum
733 1461 879 1519 interitum
893 1478 980 1517 exer*

187 1559 270 1616 citrls.
312 1559 363 1615 Sia
377 1569 517 1616 eteorum
533 1558 672 1629 dolorem,
684 1558 731 1632 qui
746 1558 883 1633 lugebant
896 1574 979 1628 suos„
1080 1603 1081 1632 ss

188 1655 316 1711 oratione
337 1654 516 1724 refricabam,
535 1663 564 1711 et
585 1654 696 1711 animos
716 1654 843 1728 equitum
866 1653 981 1710 Roma-

187 1770 299 1823 norum,
318 1750 395 1827 apud
412 1769 484 1827 quos
504 1761 564 1809 tum
583 1750 697 1827 judices
717 1768 806 1833 causa
827 1750 980 1826 ambiana
1080 1790 1081 1811 r

143 1862 173 1911 15
189 1849 223 1906 ad
237 1848 276 1910 Q.
292 1848 437 1924 Caepionis
452 1847 550 1904 odium
566 1848 598 1924 (a
612 1866 669 1922 quo
683 1858 764 1905 erant
786 1847 839 1922 ipsi
858 1857 982 1922 propter

185 1944 295 2022 judicia
322 1943 500 2022 abalienati),
528 1945 700 2001 renovabam
734 1942 833 2020 [atque
859 1959 979 1999 revoca·

189 2042 278 2122 bam].
601 2048 603 2053 '

213 2234 337 2292 XLIX.
367 2233 458 2296 Quod
484 2232 535 2290 ubi
563 2233 639 2290 sensi
665 2251 712 2290 me
739 2232 768 2290 in
793 2231 977 2308 possessione

186 2331 298 2407 judicii,
315 2351 348 2388 ac
363 2331 540 2392 defensionis
561 2349 642 2402 mea,
663 2329 835 2401 constitisse,
850 2329 926 2404 quod
947 2337 977 2385 et

143 2427 285 2503 aopopuli
313 2427 539 2484 benevolentiam
568 2427 638 2483 mibi
666 2425 865 2495 conciliorum,
892 2424 976 2499 cajus

186 2523 233 2599 jus
253 2523 339 2580 etiam
360 2537 425 2579 cnm
446 2523 596 2579 seditionis
616 2520 823 2597 conjunctione
843 2519 977 2576 delendo·

189 2639 259 2688 ram,
276 2630 316 2677 et
339 2619 469 2696 judicum
498 2619 608 2676 animos
634 2628 718 2688 totos,
740 2616 794 2673 vel-
812 2615 975 2672 calamitate

190 2716 324 2788 civitatis,
344 2715 387 2772 vel
408 2715 488 2772 luctu
512 2735 546 2772 ac
573 2713 716 2775 desiderio
742 2712 975 2788 propinquorum,

190 2814 234 2870 vel
255 2812 320 2874 odio
340 2811 455 2887 proprio
475 2811 505 2869 in
524 2809 703 2886 Caepionem,
719 2809 755 2865 ad
776 2810 892 2865 causam
912 2825 978 2864 nos·

145 2922 176 2972 25
190 2919 263 2967 tram
284 2918 478 2966 converteram
489 2928 496 2978 ;
518 2917 589 2964 tuno
610 2905 769 2963 admiscere
788 2904 858 2962 huic
877 2901 977 2980 generi

190 3005 329 3066 orationis
354 3003 517 3062 vehementi
546 3013 631 3078 atque
658 3002 749 3060 atroci
782 3019 874 3080 genim
906 2999 978 3058 illud

191 3099 312 3161 alterurn
346 3099 396 3178 (de
421 3117 478 3175 quo
506 3107 573 3156 ante
591 3096 762 3178 >disputavi)
796 3096 925 3156 lenitatis
946 3103 978 3153 et
