2184 3575
124 348 206 411 rem]
407 350 451 401 oo
472 350 636 400 ermom.

351 544 353 552 ,
419 500 435 527 “
444 498 536 559 Quem,
547 502 620 545 roiate
630 497 727 558 exacte,
738 496 848 561 indigem

156 576 272 634 Liberem
290 576 413 639 lacerasti,
434 578 533 639 orbieti,
555 577 702 636 exotinxsti3
727 592 807 639 neque
828 576 910 625 fretrie

57 658 58 661 ’
248 658 326 720 neeis,

157 736 242 800 Neque
269 738 338 802 gnati
364 738 419 800 ejus
446 737 524 800 parvi,
551 737 593 799 qui
618 737 662 785 tibi
688 737 715 785 in
741 737 847 785 tutelam
871 744 910 786 eet

217 848 221 855 ι
248 817 376 867 treditm‘'
395 852 401 865 .
419 853 425 864 .
444 852 474 865 ..

123 980 196 1039 flens
216 1000 251 1039 eo
270 982 373 1059 lugens
394 982 490 1045 dicere
509 981 666 1039 videbatur.
719 981 796 1043 Qum
816 981 841 1039 ei
862 981 910 1039 ilie

123 1077 235 1149 histrio,
267 1078 396 1153 quotidie
430 1097 496 1138 oum
531 1088 636 1155 egeret,
670 1089 766 1137 temen
801 1076 939 1159 [reete]5

124 1192 211 1250 agere
236 1174 299 1231 sine
326 1174 423 1232 dolore
449 1193 507 1231 non
532 1183 659 1250 poterat;
691 1173 779 1248 quidi
817 1174 910 1232 Pecu-

123 1270 201 1327 vium
225 1270 344 1345 putatis,
369 1270 398 1327 in
422 1269 584 1341 scribendo,
607 1270 666 1327 leni
691 1270 785 1327 animo
809 1288 843 1327 eo
867 1288 910 1327 re-

124 1364 213 1423 misso
234 1365 339 1423 fuisse?
380 1365 459 1422 Fieri
478 1365 559 1423 nulio
578 1365 663 1429 modo
684 1366 784 1441 potuit.
825 1367 909 1441 Saepe

125 1461 204 1519 enim
225 1460 329 1529 audivi,
350 1465 464 1535 poetam
487 1462 594 1517 bonum
614 1461 757 1519 neminem
773 1460 816 1537 (id
832 1461 908 1535 quod

125 1576 142 1615 a
155 1556 324 1615 Democrito
337 1567 366 1616 et
378 1557 500 1615 Platone
514 1557 544 1613 in
560 1558 674 1633 scriptis
693 1556 826 1614 relietum
845 1575 908 1616 esse
922 1568 954 1618 1⁰

122 1653 238 1733 dieunt)
256 1654 322 1711 ¹eine
336 1652 574 1731 'inflammatione
601 1653 760 1711 animorum
787 1654 907 1713 existere

121 1768 217 1827 posse,
231 1760 260 1808 et
273 1749 338 1808 sine
347 1750 471 1827 quodem
480 1750 581 1810 'affiatu
594 1750 675 1829 quasi
689 1750 801 1810 furoris.

161 1941 286 2002 XLVII.
316 1943 417 2006 Quare
443 1945 533 2002 nolite
559 1943 722 2002 existimare
755 1944 905 2020 meipsum,

122 2040 171 2118 qui
191 2059 250 2101 non
270 2042 387 2099 heroum
410 2051 519 2098 veteres
543 2059 627 2098 oeeue
649 2041 788 2116 fictosque
811 2040 907 2099 luctus

121 2136 224 2196 veliem
245 2136 350 2194 imitari
371 2147 455 2211 etque
476 2136 645 2194 adumbrare
665 2136 799 2206 dicendo,
813 2141 907 2211 neqrie
922 2142 954 2191 15

114 2242 204 2292 emor
229 2249 321 2288 essem
346 2232 444 2290 aliene
467 2249 606 2308 persone,
628 2231 678 2288 sed
703 2242 802 2289 auctor
826 2251 906 2305 mem,

88 2345 94 2361 “
123 2345 190 2386 eum
217 2328 288 2386 mihi
315 2327 355 2385 Μ’
382 2327 515 2402 Aquilius
542 2328 573 2384 in
600 2327 715 2385 civitate
741 2327 907 2386 retinendus

121 2433 207 2495 esset,
222 2443 285 2498 quae
299 2423 328 2480 in
347 2421 395 2480 ille
416 2424 503 2480 caueri
523 2422 682 2498 perorandi
703 2423 829 2496 fecerim,
844 2424 906 2482 sine

121 2536 228 2596 magne
248 2519 347 2576 dolore
368 2519 478 2578 fecisse.
519 2517 618 2580 Quem
639 2518 714 2581 enim
736 2537 790 2596 ego
804 2537 907 2578 eonsu-

121 2615 178 2674 lem
214 2615 310 2688 fuisse,
346 2615 544 2690 imperatorem
580 2625 711 2674 ornatum
745 2633 762 2672 a
794 2627 905 2687 senatu,
919 2623 951 2673 2⁰

120 2722 253 2770 ovantem
269 2712 299 2768 in
315 2711 489 2786 Capitolium
512 2712 675 2769 escendisse
695 2712 904 2783 meminissem

122 2809 200 2868 huno
221 2827 288 2866 oum
309 2808 455 2879 efflictum,
476 2808 665 2880 debilitatum,
684 2819 861 2880 moerentem,
876 2810 906 2866 in

122 2923 264 2964 summum
297 2904 453 2964 discrimen
487 2905 642 2963 adductum
678 2905 813 2978 viderem,
847 2923 906 2964 non
941 2942 943 2945 -

120 2999 283 3078 priosum
303 3011 426 3060 oonotue
445 3001 671 3060 misericordiam
691 3001 754 3059 eliis
780 3020 907 3060 eommo-

120 3115 198 3170 νοω,
212 3115 297 3175 qoam
316 3096 515 3162 misericordie
532 3115 596 3156 eum
609 3097 671 3180 ipse
684 3107 793 3175 οαρωεἸ
834 3098 906 3161 Seo-
918 3099 951 3150 25
968 3091 974 3100 '
