2184 3575
142 344 234 406 nnn]
424 345 467 394 nn
488 345 653 394 carrona
918 337 977 397 lto

140 494 284 566 virtutem,
298 513 361 570 quae
382 495 417 553 ad
437 497 642 572 rempublicam
656 496 847 572 pertinebant,
859 515 928 576 cog·

140 579 279 648 ditionem
301 600 329 648 et
349 591 497 648 scientiam
518 611 585 648 curn
601 592 717 650 dicendi
738 588 848 652 ratione
864 594 928 670 jun-
1011 604 1013 609 '

141 687 262 764 gebant3
282 697 382 762 postea
402 675 548 746 dissociati
562 688 610 765 (ut
630 690 761 770 exposui)
777 709 794 748 a
808 691 928 748 Socrate

141 782 239 838 diserti
261 783 399 854 edoctis,
422 797 452 840 et
478 783 616 858 deinceps
637 803 653 840 a
674 785 832 842 Socraticis
858 785 927 843 item

140 879 282 950 omnibus,
312 879 473 956 philosophi
507 879 699 953 eloquentiam
727 879 959 955 despexeruntffl

138 980 265 1032 oratores
277 975 463 1050 sapientiam
484 993 578 1049 neque
589 969 745 1050 quidquam
757 994 796 1032 ea
810 975 926 1034 alterius

137 1081 218 1145 parte
232 1071 396 1147 tetigerunt,
410 1071 466 1128 nisi
487 1071 562 1145 quod
581 1071 622 1127 illi
637 1071 672 1128 ab
687 1071 740 1143 his,
756 1082 804 1129 aut
813 1073 855 1130 ah
868 1073 925 1131 ilt's

138 1165 178 1238 hi,
192 1177 404 1236 mutuarentur,
427 1185 462 1224 en
475 1186 532 1242 quo
544 1167 708 1242 promiscue
728 1167 883 1240 haurirent,
898 1167 923 1226 si

138 1279 254 1318 manere
266 1261 295 1318 in
305 1263 424 1338 pristina
435 1263 639 1319 communione
649 1262 811 1321 voluissent.
853 1265 922 1334 Sed,

138 1366 170 1414 ut
183 1357 333 1432 pontifices
347 1367 465 1428 veteres,
479 1368 595 1432 propter
609 1358 814 1416 sacrificiorum
829 1360 923 1419 rnulti-
938 1366 970 1416 1⁰

137 1453 277 1525 tudinem,
290 1463 348 1510 tres
361 1454 436 1511 viros
449 1454 587 1528 epulones
605 1472 667 1511 esse
681 1454 840 1526 voluerunt,
855 1473 922 1513 cum

137 1559 232 1606 essent
259 1549 311 1625 ipsi
340 1569 356 1607 a
381 1547 489 1621 Nunti,
517 1558 549 1606 ut
575 1549 660 1606 etiarn
688 1549 758 1606 illud
788 1550 921 1610 ludorum

136 1645 250 1720 epulare
265 1645 436 1703 sacrificium
452 1645 588 1717 facerent,
600 1639 740 1714 instituii;
761 1646 804 1703 sic
818 1647 921 1706 Socra·

133 1740 187 1800 tici
202 1760 218 1799 a
231 1759 262 1799 aa
282 1759 432 1801 causarum
454 1751 576 1814 actores,
591 1752 619 1800 et
634 1742 808 1801 acommuni
828 1742 919 1820 philo·

135 1838 242 1913 sophie
266 1838 392 1910 nomine,
415 1848 626 1913 separaverunt,
653 1856 721 1895 cum
745 1848 856 1898 veteres
877 1840 920 1898 di·
934 1839 966 1890 1⁵

135 1933 219 1990 cendi
240 1943 269 1990 et
288 1932 466 2010 intelligendi
490 1933 641 1991 mirificant
658 1933 829 1993 societatem
850 1954 919 1995 esse

133 2028 296 2087 voluissent.

173 2219 242 2278 XX.
272 2220 349 2283 Quae
364 2238 429 2279 curn
442 2223 483 2279 ita
496 2222 561 2292 sint,
573 2221 722 2297 paululum
733 2222 868 2307 equidem
881 2224 919 2282 dc

133 2332 179 2373 rne
202 2315 387 2392 deprecabor,
412 2326 440 2374 et
463 2326 559 2393 petam
583 2336 600 2375 a
620 2317 711 2390 robis,
731 2328 765 2375 ut
788 2336 832 2390 ea,
854 2337 918 2394 qua

132 2410 238 2483 dicarn,
252 2429 310 2468 non
324 2412 361 2468 de
375 2412 551 2488 memetipso,
566 2412 616 2469 sed
628 2413 666 2469 de
683 2422 806 2484 oratore,
818 2412 917 2472 dicere
931 2416 964 2467 w

131 2506 245 2585 putetis.
297 2506 361 2584 Ego
384 2507 460 2565 enim
484 2525 546 2564 sum
572 2508 606 2579 is,
629 2507 689 2582 qui,
714 2525 780 2565 cum
804 2524 916 2566 minino

129 2602 226 2662 studio
251 2604 340 2679 patris
368 2604 398 2661 in
423 2603 547 2679 pueritia
571 2603 675 2661 doctus
700 2620 802 2675 essem,
830 2614 859 2661 et
884 2603 916 2661 iu

129 2700 224 2758 forum
245 2699 354 2777 ingenii
374 2710 495 2772 tanturn,
506 2710 648 2775 quantum
666 2699 727 2776 ipse
739 2700 842 2772 santio,
856 2716 916 2757 non

130 2805 242 2853 tantuin
256 2806 393 2871 quantum
410 2796 471 2871 ipse
490 2795 609 2854 forsitan
622 2795 704 2854 robis
716 2795 823 2868 ridear,
837 2795 916 2854 detu-

130 2890 238 2964 lissem,
255 2912 314 2954 nou
333 2892 440 2968 possim
461 2892 568 2964 dicere,
589 2910 636 2950 me
655 2891 728 2964 haec,
749 2910 812 2967 qne
837 2909 916 2951 nunc
930 2894 963 2946 ὕ

131 2987 317 3062 complector,
343 2987 472 3064 perinde,
499 2997 531 3045 ut
557 2988 652 3045 dicam
678 2987 817 3045 discenda
842 3004 915 3059 esse,

132 3082 283 3155 didicisse;
317 3084 420 3162 quippe
447 3082 496 3161 qui
527 3084 655 3143 omnium
687 3083 854 3145 maturrime
879 3080 915 3139 ad

368 3178 433 3240 10·
