2184 3575
141 332 181 395 20
461 346 504 395 ors
528 346 689 394 carrona.
867 343 969 404 nnn

186 494 264 553 attilia
282 508 374 572 Jocns,
387 504 417 554 ‘et
433 496 565 567 'sacotirc3
586 513 660 571 quas,
673 494 785 553 etiamsi
803 493 859 558 alia
871 490 970 550 omnia

186 591 259 649 tradi
281 604 340 650 arto
363 605 490 670 possunt,
512 604 620 651 naturae
647 602 714 649 sunt
738 590 853 667 propria
879 599 968 660 corta,

185 706 278 763 neque
299 690 384 746 ullam
407 699 494 746 artem
519 688 689 747 desiderant.
744 688 779 745 In
807 687 910 761 quibus
935 696 968 742 tu

185 784 270 861 longe
291 785 363 854 aliis,
384 785 448 841 mei
467 785 619 857 sententia,
634 784 741 855 Cacsar,
756 782 888 841 excellis:
910 798 967 855 quo

155 882 276 957 omagis
296 880 366 937 mihi
386 881 472 938 etiam
492 882 655 939 testis⁰esse
678 890 770 956 potos,
792 889 840 937 aut
859 878 967 936 nullam

185 996 247 1034 esse
268 988 356 1035 artem
377 979 458 1049 salis;
487 988 545 1051 aut,
566 978 590 1035 si
611 997 667 1053 qua
692 988 745 1048 est,
766 996 828 1034 carn
855 994 909 1033 nos
934 984 968 1031 tu

183 1075 361 1149 potissimum
382 1076 507 1133 docebis.
557 1076 621 1152 Ego
640 1093 718 1146 vero,
740 1073 832 1147 inquit
858 1072 966 1144 Caesar,

184 1171 261 1229 omni
282 1172 317 1229 de
338 1190 368 1229 rc
390 1172 509 1229 facetius
528 1183 598 1247 puto
617 1190 700 1247 posse
721 1171 756 1227 ab
776 1169 892 1225 homine
907 1186 966 1225 non

185 1267 332 1339 inurbano,
348 1287 430 1343 quarn
452 1269 487 1325 de
508 1269 576 1344 ipsis
591 1268 710 1338 facetiis,
725 1265 870 1341 disputari.
911 1263 967 1320 Ita·

140 1374 170 1422 1-0
183 1382 248 1437 que,
263 1382 328 1420 curn
344 1364 478 1438 quosdam
499 1364 618 1421 Graecos
638 1364 789 1437 inscriptos
802 1361 890 1417 libros
903 1378 968 1417 esso

184 1458 315 1516 vidissem
338 1460 373 1517 d‘e
394 1459 532 1529 ridiculis,
547 1460 713 1516 nonnullam
735 1459 765 1514 in
785 1476 863 1532 spem
884 1472 968 1513 rena-

184 1570 254 1626 ram‚
269 1559 351 1630 posse
372 1574 417 1612 rna
438 1556 543 1631 aliquid
564 1574 601 1611 cx
620 1555 682 1611 istis
703 1554 824 1610 discere.
865 1551 966 1609 Inveni

185 1660 279 1706 autem
299 1648 421 1706 ridicula
440 1659 469 1705 et
489 1650 564 1706 salsa
584 1649 673 1705 multa
691 1648 874 1716 Graecorum;
899 1664 965 1703 nam

184 1753 212 1802 et
227 1744 318 1802 Siculi
333 1745 362 1802 in
376 1763 411 1803 eo
425 1764 538 1822 genero,
554 1756 583 1803 ct
602 1744 722 1817 Rhodii,
736 1754 764 1802 ct
779 1742 922 1819 Byzantii,
937 1752 967 1800 ct

139 1857 170 1906 15
183 1851 285 1917 praetcr
305 1852 424 1914 ceteros,
446 1842 548 1913 Attici,
569 1840 729 1898 excellunt:
750 1841 811 1911 sed,
834 1840 882 1914 qui
904 1839 966 1915 ejus

183 1937 226 1994 rei
252 1937 391 1994 rationem
418 1939 559 2014 quandam
593 1938 689 1997 conati
722 1947 789 1995 sunt
821 1946 967 2010 artemque

183 2035 305 2105 tradere,
333 2035 376 2091 sic
402 2034 502 2092 insulsi
528 2035 706 2106 exstiterunt,
733 2044 765 2090 ut
790 2033 860 2091 nihil
890 2032 966 2090 aliud

183 2150 292 2203 corum,
319 2131 375 2190 nisi
402 2131 464 2207 ipsa
496 2131 651 2201 insulsitas,
678 2130 811 2189 rideatur.
864 2129 966 2190 Quare

182 2229 253 2286 mihi
273 2229 352 2286 nullo
373 2228 483 2285 ridetur
504 2227 590 2284 modo
611 2226 743 2284 doctrina
757 2227 812 2283 ista
824 2245 869 2284 res
881 2243 966 2301 posse

136 2337 168 2388 20
182 2325 264 2382 tradi.
306 2325 419 2382 Etenim
441 2343 507 2381 curn
528 2323 586 2381 duo
600 2343 706 2400 genera
719 2323 776 2380 sint
789 2323 965 2391 facetiarum,

183 2420 303 2478 alterurn
330 2421 504 2496 aequabiliter
531 2421 562 2478 in
589 2421 667 2477 omni
696 2401 837 2477 sermone'
861 2419 965 2488 fusum,

184 2516 303 2574 alterurn
329 2527 496 2592 peracutum
524 2526 554 2573 et
580 2517 681 2586 brevc3
710 2516 759 2573 illa
783 2535 799 2572 a
823 2515 966 2572 veteribus

182 2613 311 2688 superior
334 2613 488 2685 cavillatio,
510 2613 573 2670 haec
597 2613 685 2670 altera
707 2612 856 2683 dicacitas,
877 2611 967 2669 nomi·

182 2718 250 2766 nata
263 2717 313 2767 est.
345 2709 422 2767 Leve
435 2727 541 2766 nomon
553 2709 638 2766 habet
648 2719 768 2784 utraque
778 2727 840 2779 rcs3
861 2709 966 2783 quippo

137 2821 169 2872 25
182 2806 244 2865 love
258 2807 335 2864 onim
349 2817 391 2865 est
404 2815 494 2866 totum
508 2808 573 2878 hoc,
585 2807 673 2864 risum
684 2825 805 2864 movere.
846 2806 967 2863 Verom-

183 2913 279 2961 tatnen
306 2901 352 2980 (ut
384 2903 467 2975 dicis,
495 2904 619 2982 Antoni)
651 2904 774 2961 multum
807 2902 836 2958 in·
871 2901 966 2958 causis

182 3017 309 3076 persaepe
334 2999 430 3076 lepore
457 3010 485 3057 et
511 2999 624 3056 facetiis
649 2997 749 3074 profici
776 2997 842 3055 vidi.
896 2996 966 3068 Sed,

185 3112 251 3153 oum
265 3095 296 3154 in
309 3095 359 3154 illo
379 3111 485 3174 genae
504 3105 649 3175 perpetuo
669 3094 829 3153 festivitatis
850 3113 895 3153 ars
907 3110 967 3150 non
