2184 3575
134 313 190 374 lou
449 326 493 379 na
513 324 676 374 onerose.
862 325 954 386 [nm.

177 473 393 552 reprehendere,
407 476 542 552 qnoniam
562 474 707 534 Antonius
723 473 793 532 mihi
806 483 835 532 te
847 472 955 531 similli-

120 635 121 644 ,
177 591 255 632 mum
275 572 346 632 dixit
365 573 419 631 sibi
438 571 536 630 videri.
577 571 656 630 Tum
677 571 735 642 ille,
752 569 843 648 [Tum
863 570 953 650 quod]

177 669 288 726 monuit
314 653 457 740 idem,²ut
483 687 527 740 ea,
552 667 671 743 quae'in
697 685 807 741 quoque
833 666 957 724 maxima

178 776 281 836 essent,
296 765 487 822 imitaremur:
508 782 544 820 ex
563 781 620 838 quo
639 781 747 833 vereor,
761 781 798 819 ne
811 761 882 819 nihil
902 761 957 819 sim

148 860 229 932 duri,
244 859 300 918 nisi
323 859 530 936 supplosionem
550 858 640 935 pedis,
661 857 797 929 imitatus,
817 870 846 914 et
864 876 957 933 pauca

178 956 307 1034 quaedam
334 957 428 1026 verba,
455 964 484 1012 et
517 953 649 1030 aliquem,
675 953 699 1010 si
733 952 812 1024 form,
839 962 954 1010 motum.

178 1050 257 1128 Ergo
277 1051 340 1122 ista,
355 1051 447 1126 iuquit
466 1051 597 1122 Crassus,
615 1069 678 1124 quae
698 1048 785 1106 habes
798 1067 815 1105 a
828 1067 884 1120 me,
897 1067 956 1105 non

177 1147 364 1223 reprehendo,
385 1165 422 1210 ne
441 1147 581 1222 meipsum
600 1145 749 1204 irrideam:
769 1155 836 1201 sunt
862 1153 956 1202 nutem

178 1260 243 1300 mea
256 1243 344 1301 multo
363 1253 391 1302 et
408 1243 498 1318 plura,
513 1252 541 1300 et
556 1241 672 1317 majora,
687 1259 770 1315 quam
784 1239 872 1297 dicis:
894 1258 957 1314 quae

134 1345 164 1398 to
180 1348 273 1396 autem
293 1348 359 1396 sunt
379 1349 427 1396 aut
446 1348 496 1398 tua
513 1338 608 1414 plane,
623 1347 671 1396 aut
688 1336 845 1394 imitatione
858 1353 895 1392 ex
907 1335 957 1394 ali-

178 1453 234 1510 quo
257 1453 397 1512 expresse,
419 1434 455 1493 de
478 1435 513 1492 iis
535 1444 575 1505 te,
594 1433 619 1491 si
642 1431 691 1509 qui
713 1451 759 1490 me
782 1431 854 1489 forte
874 1431 957 1488 locus

179 1531 366 1603 admonuerit,
381 1529 576 1589 commonebo.

217 1721 302 1780 XIII.
332 1721 538 1780 Praetereamus
564 1719 650 1799 igitur
681 1729 822 1797 precepta
854 1719 956 1778 LatIne

178 1817 323 1893 loquendi,
347 1837 408 1892 quae
431 1817 546 1893 puerilis
569 1816 700 1875 doctrina
722 1817 817 1889 tradit,
839 1826 869 1875 et
893 1818 958 1875 sub·

133 1921 164 1972 15
179 1914 254 1972 tilior
274 1913 401 1991 cognitio
422 1933 456 1973 ac
475 1913 546 1972 ratio
567 1897 710 1971 literarum
735 1913 794 1985 alit,
815 1923 864 1971 ant
889 1931 957 1971 con·

178 2009 298 2067 suetudo
318 2009 455 2067 sermonis
482 2008 638 2083 quotidiani
659 2027 693 2067 ac
712 2008 870 2081 domestici,
890 2008 956 2088 libri

178 2105 357 2195 cqnfirmant,
371 2115 399 2163 et
421 2104 507 2163 lectio
529 2114 655 2162 veterum
678 2115 832 2177 oratorum,
846 2114 874 2163 et
888 2107 957 2182 pob-

177 2208 278 2260 tarum.
318 2200 422 2275 Neque
441 2219 508 2258 vero
529 2200 559 2259 in
579 2200 628 2259 illo
648 2200 736 2259 altero
755 2200 862 2258 diutius
882 2218 956 2259 com·

177 2315 328 2369 moremur,
349 2306 381 2355 ut
399 2296 585 2373 disputemus,
605 2296 709 2371 quibus
733 2296 819 2353 rebus
846 2293 955 2371 assequi

131 2402 164 2453 20
177 2392 328 2467 possimus,
352 2401 384 2449 ut
416 2410 460 2464 ea,
487 2412 549 2467 quae
580 2392 719 2463 dicamus,
753 2390 954 2467 intelligantur.

178 2486 279 2546 Latine
293 2487 404 2546 scilicet
417 2488 549 2560 dicendo,
560 2487 653 2545 verbis
665 2486 785 2557 usitatis,
797 2504 831 2543 ac
841 2486 955 2565 proprie

178 2582 439 2665 demonstrantibus·
450 2602 493 2655 ea,
507 2602 569 2660 quae
588 2581 743 2659 significari
763 2600 797 2639 ac
816 2580 955 2639 declarari

176 2677 313 2750 volemus,
328 2678 390 2737 sine
410 2678 543 2755 ambiguo
564 2678 650 2735 verbo
670 2685 718 2733 aut
737 2693 877 2748 sermone,
895 2694 955 2733 non

176 2772 263 2832 nimis
281 2774 368 2851 longit
388 2773 604 2833 continuatione
622 2772 783 2849 uerborum,
796 2788 855 2829 non
873 2772 955 2829 valde

131 2884 163 2935 25
176 2869 321 2945 productis
347 2870 391 2943 iis,
413 2889 475 2946 quae
500 2866 694 2927 similitudinis
721 2866 809 2925 causis
833 2886 869 2925 ex
892 2868 955 2926 aliis

176 2966 261 3025 rebus
286 2965 502 3038 transferuntur,
528 2951 763 3039 non'discerptis
795 2964 953 3037 sententiis,

176 3080 235 3123 non
247 3060 425 3143 preposteris
438 3059 623 3140 temporibus,
636 3078 695 3119 non
714 3059 842 3121 confusis
859 3078 954 3140 perso·
