2184 3575
159 317 240 380 nn]
441 321 484 368 nn
505 321 668 369 omnonn.
949 311 987 372 π

145 486 326 544 *oppressum
358 489 424 529 oum
457 471 516 530 suis
549 471 701 531 interiisse.
757 469 843 532 Quos
875 487 942 530 enm

158 565 278 627 humare
300 557 404 624 vellent
427 567 481 640 sui,
502 586 597 642 neque
618 576 736 643 possent
758 567 878 624 obtritos
901 567 943 625 in·

159 662 400 720 ternoseere'ulio
421 663 516 734 modo,
538 663 702 741 Simonides
721 661 837 732 dieitur,
851 658 890 718 'ex
908 680 943 720 eo

158 756 236 830 quod
250 757 435 830 meminisset,
450 777 506 834 quo
520 775 620 815 eorum
633 757 700 814 loeo
719 757 839 833 quisque
854 757 943 814 eubu-

157 851 236 924 isset,
250 852 458 912 demonstrator
478 853 704 930 uniuscnjusque
720 853 881 929 sepeliendi
901 853 972 912 fn·5

157 946 223 1006 isse.
277 947 344 1006 Hae
363 960 425 1006 tum
445 967 476 1006 re
496 949 660 1006 admonitus
679 947 822 1006 invenisse
842 948 941 1020 fertur,

156 1044 288 1101 ordinem
320 1062 384 1102 esse
416 1045 548 1117 maxime,
582 1044 632 1120 qni
664 1045 809 1103 memorie
843 1044 942 1102 lumen

157 1139 278 1199 afferret.
319 1139 419 1216 Iteque
447 1141 492 1213 iis,
520 1140 570 1216 qni
595 1141 672 1198 hane
697 1150 806 1216 partem
832 1140 942 1218 ingenii

157 1246 336 1309 exercerent,
362 1236 441 1296 loeos
470 1255 532 1294 esse
560 1236 726 1312 eripiendos,
752 1246 782 1293 et
806 1255 852 1308 en,
877 1256 941 1312 qne

157 1332 296 1390 memorid
315 1342 416 1390 tenere
433 1333 549 1405 veilent,
562 1331 724 1409 effingenda
737 1331 843 1404 animo,
858 1342 941 1408 etque
952 1342 986 1391 .10

157 1427 188 1484 in
212 1428 257 1485 his
280 1427 353 1486 loeis
379 1427 565 1498 collocanda3
596 1427 639 1483 sie
665 1426 727 1483 sore
752 1436 784 1483 ut
810 1427 940 1485 ordinem

156 1541 252 1580 rerum
278 1523 406 1582 iocorum
432 1524 503 1581 ordo
535 1532 733 1593 conservarem
767 1540 814 1580 res
846 1532 941 1581 eutem

158 1618 234 1696 ipsas
253 1637 348 1678 rernm
368 1619 476 1697 effigies
499 1627 621 1691 notaret,
642 1629 726 1694 atque
745 1628 779 1684 nt
796 1618 871 1676 loeis
888 1636 941 1695 pro

157 1716 234 1789 neri,
248 1715 409 1774 simulantis
420 1733 473 1793 pro
486 1715 587 1789 literis,
601 1725 752 1774 uteremur.

196 1908 379 1967 LXXXVII.
410 1908 472 1971 Qut
492 1909 530 1967 sit
550 1918 644 1967 eutem
664 1909 772 1967 oratori
794 1908 940 1968 memorie
954 1920 986 1969 15

157 2004 277 2077 fructus,
303 2015 409 2082 quante
434 2005 553 2076 utilitas,
579 2014 686 2081 quanta
712 2005 765 2076 ris,
792 2006 861 2081 qnid
894 2023 941 2062 me

158 2100 261 2158 attinet
273 2100 389 2157 diceret
409 2110 507 2157 tenere
527 2119 590 2175 qnae
604 2100 740 2157 didiceris
752 2101 784 2157 in
798 2099 941 2176 aecipien-

158 2195 196 2253 dt
216 2195 313 2267 canet,
327 2214 390 2269 quae
411 2195 471 2270 ipse
491 2195 648 2271 eogitdrist
668 2212 768 2253 omnes
787 2196 858 2253 fines
877 2213 941 2253 esse

158 2290 188 2349 in
209 2290 303 2349 animo
322 2290 497 2348 sententias?
518 2308 634 2347 omnem
653 2290 828 2366 descriptum
841 2291 941 2348 verbo·

101 2388 104 2395 '
157 2404 220 2445 rnm
255 2387 438 2462 apparatum?
471 2385 512 2443 its
545 2385 644 2443 audire
667 2386 719 2447 ,rel
753 2404 829 2458 enm,
862 2386 985 2450 undem

156 2482 260 2554 diseas,
280 2482 324 2540 rel
342 2500 427 2555 ¹enm,
448 2481 497 2539 eui
522 2481 754 2557 respondendnm
779 2482 826 2555 sit,
846 2491 878 2540 nt
897 2482 940 2541 ilii

156 2596 214 2637 non
235 2578 384 2636 infundere
405 2577 435 2636 in
456 2595 538 2635 sures
560 2586 624 2635 tuns
649 2577 817 2651 orationem,
838 2578 888 2636 sed
907 2578 939 2637 in

156 2674 252 2732 animo
272 2673 421 2733 videantur
447 2672 626 2731 inscriberet
677 2671 780 2747 Itaque
806 2672 868 2745 soli,
889 2672 942 2758 qni

145 2760 293 2829 ¹memorii
319 2769 425 2845 rigent,
452 2769 557 2840 sciunt,
583 2768 663 2844 quid,
683 2777 713 2826 et
738 2768 890 2843 quitenus,
909 2778 940 2827 et

157 2866 307 2940 quomodo,
327 2863 433 2922 dieturi
459 2864 525 2936 sint,
546 2864 616 2939 quid
642 2864 850 2941 responderint,
869 2864 938 2940 qnid
951 2877 983 2927 25

157 2960 294 3039 supersit:
327 2960 471 3039 iidemque
499 2962 590 3021 multe
615 2978 652 3021 ex
678 2960 863 3024 diiseeusie
888 2960 938 3022 nli·
