<?xml version="1.0" encoding="UTF-8"?>
<!DOCTYPE html PUBLIC "-//W3C//DTD XHTML 1.0 Transitional//EN"
    "http://www.w3.org/TR/xhtml1/DTD/xhtml1-transitional.dtd">
<html xmlns="http://www.w3.org/1999/xhtml" xml:lang="en" lang="en">
 <head>
  <title>
</title>
<meta http-equiv="Content-Type" content="text/html;charset=utf-8" />
  <meta name='ocr-system' content='tesseract 3.04.00' />
  <meta name='ocr-capabilities' content='ocr_page ocr_carea ocr_par ocr_line ocrx_word'/>
</head>
<body>
  <div class='ocr_page' id='page_1' title='image "./mtciceronisadqu02dillgoog_0079.png"; bbox 0 0 2184 3575; ppageno 0'>
   <div class='ocr_carea' id='block_1_1' title="bbox 125 325 959 386">
    <p class='ocr_par' dir='ltr' id='par_1_1' title="bbox 125 325 959 386">
     <span class='ocr_line' id='line_1_1' title="bbox 125 325 959 386; baseline 0.014 -12"><span class='ocrx_word' id='word_1_1' title='bbox 125 325 205 386; x_wconf 76' lang='lat' dir='ltr'><strong>au]</strong></span> <span class='ocrx_word' id='word_1_2' title='bbox 406 329 449 376; x_wconf 83' lang='lat' dir='ltr'><strong>ns</strong></span> <span class='ocrx_word' id='word_1_3' title='bbox 472 329 636 379; x_wconf 68' lang='lat' dir='ltr'><strong>onerosa</strong></span> <span class='ocrx_word' id='word_1_4' title='bbox 916 325 959 386; x_wconf 80' lang='lat' dir='ltr'><strong>aa</strong></span> 
     </span>
    </p>
   </div>
   <div class='ocr_carea' id='block_1_2' title="bbox 112 475 953 2935">
    <p class='ocr_par' dir='ltr' id='par_1_2' title="bbox 123 475 910 843">
     <span class='ocr_line' id='line_1_2' title="bbox 124 475 910 555; baseline 0.01 -21"><span class='ocrx_word' id='word_1_5' title='bbox 124 475 322 554; x_wconf 71' lang='lat' dir='ltr'><strong>magnitudine</strong></span> <span class='ocrx_word' id='word_1_6' title='bbox 335 477 520 553; x_wconf 83' lang='lat' dir='ltr'><strong>praestabiles,</strong></span> <span class='ocrx_word' id='word_1_7' title='bbox 535 489 585 537; x_wconf 92' lang='lat' dir='ltr'><strong>aut</strong></span> <span class='ocrx_word' id='word_1_8' title='bbox 597 479 724 541; x_wconf 70' lang='lat' dir='ltr'><strong>dovitae</strong></span> <span class='ocrx_word' id='word_1_9' title='bbox 736 478 846 555; x_wconf 74' lang='lat' dir='ltr'><strong>primas,</strong></span> <span class='ocrx_word' id='word_1_10' title='bbox 858 490 910 542; x_wconf 79' lang='lat' dir='ltr'><strong>ant</strong></span> 
     </span>
     <span class='ocr_line' id='line_1_3' title="bbox 124 573 910 652; baseline 0.01 -23"><span class='ocrx_word' id='word_1_11' title='bbox 124 589 232 650; x_wconf 85' lang='lat' dir='ltr'><strong>genere</strong></span> <span class='ocrx_word' id='word_1_12' title='bbox 251 573 311 650; x_wconf 91' lang='lat' dir='ltr'><strong>ipso</strong></span> <span class='ocrx_word' id='word_1_13' title='bbox 330 573 504 650; x_wconf 73' lang='lat' dir='ltr'>singulares:</span> <span class='ocrx_word' id='word_1_14' title='bbox 524 576 716 650; x_wconf 86' lang='lat' dir='ltr'><strong>nequeenim</strong></span> <span class='ocrx_word' id='word_1_15' title='bbox 736 594 840 652; x_wconf 84' lang='lat' dir='ltr'><strong>parre,</strong></span> <span class='ocrx_word' id='word_1_16' title='bbox 858 594 910 637; x_wconf 86' lang='lat' dir='ltr'><strong>ne·</strong></span> 
     </span>
     <span class='ocr_line' id='line_1_4' title="bbox 123 669 909 747; baseline 0.011 -22"><span class='ocrx_word' id='word_1_17' title='bbox 123 685 179 744; x_wconf 86' lang='lat' dir='ltr'><strong>qne</strong></span> <span class='ocrx_word' id='word_1_18' title='bbox 205 669 326 741; x_wconf 81' lang='lat' dir='ltr'><strong>usitate,</strong></span> <span class='ocrx_word' id='word_1_19' title='bbox 346 688 439 746; x_wconf 88' lang='lat' dir='ltr'><strong>neque</strong></span> <span class='ocrx_word' id='word_1_20' title='bbox 465 671 605 747; x_wconf 75' lang='lat' dir='ltr'><strong>vulgares,</strong></span> <span class='ocrx_word' id='word_1_21' title='bbox 633 671 832 746; x_wconf 71' lang='lat' dir='ltr'><strong>admiratione,</strong></span> <span class='ocrx_word' id='word_1_22' title='bbox 860 682 909 734; x_wconf 83' lang='lat' dir='ltr'><strong>art</strong></span> 
     </span>
     <span class='ocr_line' id='line_1_5' title="bbox 123 764 783 843; baseline 0.009 -22"><span class='ocrx_word' id='word_1_23' title='bbox 123 764 243 821; x_wconf 91' lang='lat' dir='ltr'><strong>omnino</strong></span> <span class='ocrx_word' id='word_1_24' title='bbox 257 765 341 825; x_wconf 88' lang='lat' dir='ltr'><strong>laude</strong></span> <span class='ocrx_word' id='word_1_25' title='bbox 355 765 449 843; x_wconf 74' lang='lat' dir='ltr'><strong>dignae</strong></span> <span class='ocrx_word' id='word_1_26' title='bbox 463 766 554 824; x_wconf 89' lang='lat' dir='ltr'><strong>videri</strong></span> <span class='ocrx_word' id='word_1_27' title='bbox 567 767 669 826; x_wconf 83' lang='lat' dir='ltr'><strong>solent.</strong></span> <span class='ocrx_word' id='word_1_28' title='bbox 781 808 783 817; x_wconf 54' lang='grc' dir='ltr'>ι</span> 
     </span>
    </p>

    <p class='ocr_par' dir='ltr' id='par_1_3' title="bbox 120 859 953 1703">
     <span class='ocr_line' id='line_1_6' title="bbox 162 859 940 940; baseline 0.017 -23"><span class='ocrx_word' id='word_1_29' title='bbox 162 859 215 917; x_wconf 89' lang='lat' dir='ltr'><strong>Est</strong></span> <span class='ocrx_word' id='word_1_30' title='bbox 228 860 314 918; x_wconf 83' lang='lat' dir='ltr'><strong>etiarn</strong></span> <span class='ocrx_word' id='word_1_31' title='bbox 328 880 401 919; x_wconf 89' lang='lat' dir='ltr'><strong>eum</strong></span> <span class='ocrx_word' id='word_1_32' title='bbox 415 862 519 920; x_wconf 79' lang='lat' dir='ltr'><strong>ceteris</strong></span> <span class='ocrx_word' id='word_1_33' title='bbox 538 863 739 940; x_wconf 76' lang='lat' dir='ltr'><strong>prestantibus</strong></span> <span class='ocrx_word' id='word_1_34' title='bbox 751 863 820 924; x_wconf 81' lang='lat' dir='ltr'><strong>viris</strong></span> <span class='ocrx_word' id='word_1_35' title='bbox 833 881 940 930; x_wconf 79' lang='lat' dir='ltr'><strong>rom-5</strong></span> 
     </span>
     <span class='ocr_line' id='line_1_7' title="bbox 121 956 909 1038; baseline 0.009 -25"><span class='ocrx_word' id='word_1_36' title='bbox 121 956 233 1032; x_wconf 86' lang='lat' dir='ltr'><strong>paratio</strong></span> <span class='ocrx_word' id='word_1_37' title='bbox 253 957 283 1015; x_wconf 93' lang='lat' dir='ltr'><strong>in</strong></span> <span class='ocrx_word' id='word_1_38' title='bbox 302 957 467 1016; x_wconf 76' lang='lat' dir='ltr'><strong>laudatione</strong></span> <span class='ocrx_word' id='word_1_39' title='bbox 483 960 630 1035; x_wconf 84' lang='lat' dir='ltr'><strong>praeelara.</strong></span> <span class='ocrx_word' id='word_1_40' title='bbox 670 959 717 1018; x_wconf 88' lang='lat' dir='ltr'><strong>De</strong></span> <span class='ocrx_word' id='word_1_41' title='bbox 730 979 789 1036; x_wconf 89' lang='lat' dir='ltr'><strong>quo</strong></span> <span class='ocrx_word' id='word_1_42' title='bbox 800 979 909 1038; x_wconf 76' lang='lat' dir='ltr'><strong>gruere</strong></span> 
     </span>
     <span class='ocr_line' id='line_1_8' title="bbox 121 1052 907 1131; baseline 0.009 -22"><span class='ocrx_word' id='word_1_43' title='bbox 121 1052 235 1110; x_wconf 89' lang='lat' dir='ltr'><strong>libitum</strong></span> <span class='ocrx_word' id='word_1_44' title='bbox 249 1063 292 1110; x_wconf 87' lang='lat' dir='ltr'><strong>est</strong></span> <span class='ocrx_word' id='word_1_45' title='bbox 311 1054 380 1111; x_wconf 88' lang='lat' dir='ltr'><strong>mihi</strong></span> <span class='ocrx_word' id='word_1_46' title='bbox 400 1056 484 1131; x_wconf 90' lang='lat' dir='ltr'><strong>paulo</strong></span> <span class='ocrx_word' id='word_1_47' title='bbox 503 1055 595 1131; x_wconf 88' lang='lat' dir='ltr'><strong>plura,</strong></span> <span class='ocrx_word' id='word_1_48' title='bbox 610 1075 696 1131; x_wconf 86' lang='lat' dir='ltr'><strong>quam</strong></span> <span class='ocrx_word' id='word_1_49' title='bbox 714 1058 907 1131; x_wconf 78' lang='lat' dir='ltr'><strong>ostenderam,</strong></span> 
     </span>
     <span class='ocr_line' id='line_1_9' title="bbox 121 1148 909 1229; baseline 0.009 -24"><span class='ocrx_word' id='word_1_50' title='bbox 121 1148 229 1220; x_wconf 75' lang='lat' dir='ltr'><strong>dicere,</strong></span> <span class='ocrx_word' id='word_1_51' title='bbox 242 1167 302 1206; x_wconf 92' lang='lat' dir='ltr'><strong>non</strong></span> <span class='ocrx_word' id='word_1_52' title='bbox 322 1160 380 1207; x_wconf 88' lang='lat' dir='ltr'><strong>tarn</strong></span> <span class='ocrx_word' id='word_1_53' title='bbox 400 1161 515 1226; x_wconf 90' lang='lat' dir='ltr'><strong>propter</strong></span> <span class='ocrx_word' id='word_1_54' title='bbox 534 1171 618 1209; x_wconf 91' lang='lat' dir='ltr'><strong>usum</strong></span> <span class='ocrx_word' id='word_1_55' title='bbox 635 1152 787 1225; x_wconf 83' lang='lat' dir='ltr'><strong>sorensem,</strong></span> <span class='ocrx_word' id='word_1_56' title='bbox 800 1153 850 1229; x_wconf 93' lang='lat' dir='ltr'><strong>qui</strong></span> <span class='ocrx_word' id='word_1_57' title='bbox 863 1163 909 1212; x_wconf 85' lang='lat' dir='ltr'><strong>ost</strong></span> 
     </span>
     <span class='ocr_line' id='line_1_10' title="bbox 122 1245 908 1323; baseline 0.009 -22"><span class='ocrx_word' id='word_1_58' title='bbox 122 1263 140 1301; x_wconf 88' lang='lat' dir='ltr'><strong>a</strong></span> <span class='ocrx_word' id='word_1_59' title='bbox 158 1261 204 1302; x_wconf 91' lang='lat' dir='ltr'><strong>me</strong></span> <span class='ocrx_word' id='word_1_60' title='bbox 224 1245 254 1302; x_wconf 91' lang='lat' dir='ltr'><strong>in</strong></span> <span class='ocrx_word' id='word_1_61' title='bbox 274 1245 353 1303; x_wconf 89' lang='lat' dir='ltr'><strong>omni</strong></span> <span class='ocrx_word' id='word_1_62' title='bbox 374 1246 430 1304; x_wconf 89' lang='lat' dir='ltr'><strong>hoe</strong></span> <span class='ocrx_word' id='word_1_63' title='bbox 450 1265 582 1304; x_wconf 75' lang='lat' dir='ltr'><strong>sermone</strong></span> <span class='ocrx_word' id='word_1_64' title='bbox 601 1257 749 1320; x_wconf 76' lang='lat' dir='ltr'><strong>narratus,</strong></span> <span class='ocrx_word' id='word_1_65' title='bbox 769 1267 855 1323; x_wconf 86' lang='lat' dir='ltr'><strong>qnam</strong></span> <span class='ocrx_word' id='word_1_66' title='bbox 875 1258 908 1308; x_wconf 87' lang='lat' dir='ltr'><strong>ut</strong></span> 
     </span>
     <span class='ocr_line' id='line_1_11' title="bbox 121 1339 953 1412; baseline 0.016 -16"><span class='ocrx_word' id='word_1_67' title='bbox 121 1339 178 1397; x_wconf 85' lang='lat' dir='ltr'><strong>hoe</strong></span> <span class='ocrx_word' id='word_1_68' title='bbox 197 1340 341 1412; x_wconf 86' lang='lat' dir='ltr'><strong>videretis,</strong></span> <span class='ocrx_word' id='word_1_69' title='bbox 361 1341 386 1398; x_wconf 83' lang='lat' dir='ltr'><strong>&#39;si</strong></span> <span class='ocrx_word' id='word_1_70' title='bbox 405 1342 586 1401; x_wconf 89' lang='lat' dir='ltr'><strong>laudationes</strong></span> <span class='ocrx_word' id='word_1_71' title='bbox 608 1353 704 1401; x_wconf 88' lang='lat' dir='ltr'><strong>essent</strong></span> <span class='ocrx_word' id='word_1_72' title='bbox 730 1343 761 1401; x_wconf 90' lang='lat' dir='ltr'><strong>in</strong></span> <span class='ocrx_word' id='word_1_73' title='bbox 787 1344 907 1404; x_wconf 85' lang='lat' dir='ltr'><strong>oratoris</strong></span> <span class='ocrx_word' id='word_1_74' title='bbox 921 1357 953 1409; x_wconf 87' lang='lat' dir='ltr'><strong>to</strong></span> 
     </span>
     <span class='ocr_line' id='line_1_12' title="bbox 121 1434 907 1516; baseline 0.01 -24"><span class='ocrx_word' id='word_1_75' title='bbox 121 1435 217 1493; x_wconf 82' lang='lat' dir='ltr'><strong>officio</strong></span> <span class='ocrx_word' id='word_1_76' title='bbox 245 1434 336 1513; x_wconf 87' lang='lat' dir='ltr'><strong>(quod</strong></span> <span class='ocrx_word' id='word_1_77' title='bbox 369 1455 454 1496; x_wconf 89' lang='lat' dir='ltr'><strong>nemo</strong></span> <span class='ocrx_word' id='word_1_78' title='bbox 485 1440 597 1516; x_wconf 88' lang='lat' dir='ltr'><strong>negat),</strong></span> <span class='ocrx_word' id='word_1_79' title='bbox 630 1437 737 1496; x_wconf 89' lang='lat' dir='ltr'><strong>oratori</strong></span> <span class='ocrx_word' id='word_1_80' title='bbox 769 1438 907 1500; x_wconf 82' lang='lat' dir='ltr'><strong>virtutum</strong></span> 
     </span>
     <span class='ocr_line' id='line_1_13' title="bbox 121 1531 906 1609; baseline 0.008 -21"><span class='ocrx_word' id='word_1_81' title='bbox 121 1531 248 1590; x_wconf 87' lang='lat' dir='ltr'><strong>omnium</strong></span> <span class='ocrx_word' id='word_1_82' title='bbox 276 1531 567 1609; x_wconf 63' lang='lat' dir='ltr'><strong>cognitionemque</strong></span> <span class='ocrx_word' id='word_1_83' title='bbox 593 1533 651 1608; x_wconf 84' lang='lat' dir='ltr'><strong>qut</strong></span> <span class='ocrx_word' id='word_1_84' title='bbox 676 1533 803 1592; x_wconf 88' lang='lat' dir='ltr'><strong>laudatio</strong></span> <span class='ocrx_word' id='word_1_85' title='bbox 829 1534 906 1594; x_wconf 78' lang='lat' dir='ltr'><strong>affini</strong></span> 
     </span>
     <span class='ocr_line' id='line_1_14' title="bbox 120 1628 582 1703; baseline 0.004 -19"><span class='ocrx_word' id='word_1_86' title='bbox 120 1644 178 1686; x_wconf 90' lang='lat' dir='ltr'><strong>non</strong></span> <span class='ocrx_word' id='word_1_87' title='bbox 192 1628 291 1703; x_wconf 80' lang='lat' dir='ltr'><strong>possit,</strong></span> <span class='ocrx_word' id='word_1_88' title='bbox 305 1646 369 1685; x_wconf 85' lang='lat' dir='ltr'><strong>ease</strong></span> <span class='ocrx_word' id='word_1_89' title='bbox 380 1629 582 1688; x_wconf 84' lang='lat' dir='ltr'><strong>neeessariam.</strong></span> 
     </span>
    </p>

    <p class='ocr_par' dir='ltr' id='par_1_4' title="bbox 116 1722 952 2471">
     <span class='ocr_line' id='line_1_15' title="bbox 159 1722 905 1801; baseline 0.009 -22"><span class='ocrx_word' id='word_1_90' title='bbox 159 1722 225 1780; x_wconf 81' lang='lat' dir='ltr'><strong>darn</strong></span> <span class='ocrx_word' id='word_1_91' title='bbox 244 1722 423 1800; x_wconf 87' lang='lat' dir='ltr'><strong>vituperandi</strong></span> <span class='ocrx_word' id='word_1_92' title='bbox 443 1736 586 1801; x_wconf 83' lang='lat' dir='ltr'><strong>praeoepta</strong></span> <span class='ocrx_word' id='word_1_93' title='bbox 605 1725 756 1784; x_wconf 83' lang='lat' dir='ltr'><strong>contrariis</strong></span> <span class='ocrx_word' id='word_1_94' title='bbox 774 1745 811 1786; x_wconf 84' lang='lat' dir='ltr'><strong>ex</strong></span> <span class='ocrx_word' id='word_1_95' title='bbox 828 1726 905 1786; x_wconf 85' lang='lat' dir='ltr'><strong>vitiis</strong></span> 
     </span>
     <span class='ocr_line' id='line_1_16' title="bbox 119 1820 952 1896; baseline 0.01 -21"><span class='ocrx_word' id='word_1_96' title='bbox 119 1820 258 1877; x_wconf 86' lang='lat' dir='ltr'><strong>sumenda</strong></span> <span class='ocrx_word' id='word_1_97' title='bbox 277 1838 350 1891; x_wconf 84' lang='lat' dir='ltr'><strong>esse,</strong></span> <span class='ocrx_word' id='word_1_98' title='bbox 370 1820 552 1896; x_wconf 80' lang='lat' dir='ltr'><strong>perspicuum</strong></span> <span class='ocrx_word' id='word_1_99' title='bbox 578 1831 637 1879; x_wconf 91' lang='lat' dir='ltr'><strong>est:</strong></span> <span class='ocrx_word' id='word_1_100' title='bbox 665 1822 749 1881; x_wconf 84' lang='lat' dir='ltr'><strong>simul</strong></span> <span class='ocrx_word' id='word_1_101' title='bbox 769 1833 814 1883; x_wconf 83' lang='lat' dir='ltr'><strong>est</strong></span> <span class='ocrx_word' id='word_1_102' title='bbox 833 1824 903 1883; x_wconf 84' lang='lat' dir='ltr'><strong>ittud</strong></span> <span class='ocrx_word' id='word_1_103' title='bbox 919 1840 952 1891; x_wconf 73' lang='lat' dir='ltr'><strong>ra</strong></span> 
     </span>
     <span class='ocr_line' id='line_1_17' title="bbox 120 1916 903 1997; baseline 0.006 -24"><span class='ocrx_word' id='word_1_104' title='bbox 120 1925 186 1973; x_wconf 90' lang='lat' dir='ltr'><strong>ante</strong></span> <span class='ocrx_word' id='word_1_105' title='bbox 199 1916 309 1987; x_wconf 86' lang='lat' dir='ltr'><strong>oeulos,</strong></span> <span class='ocrx_word' id='word_1_106' title='bbox 324 1934 379 1972; x_wconf 85' lang='lat' dir='ltr'><strong>nee</strong></span> <span class='ocrx_word' id='word_1_107' title='bbox 393 1916 500 1973; x_wconf 91' lang='lat' dir='ltr'><strong>bonum</strong></span> <span class='ocrx_word' id='word_1_108' title='bbox 513 1916 605 1974; x_wconf 85' lang='lat' dir='ltr'><strong>virum</strong></span> <span class='ocrx_word' id='word_1_109' title='bbox 618 1918 732 1994; x_wconf 84' lang='lat' dir='ltr'><strong>proprie</strong></span> <span class='ocrx_word' id='word_1_110' title='bbox 745 1928 774 1976; x_wconf 87' lang='lat' dir='ltr'><strong>et</strong></span> <span class='ocrx_word' id='word_1_111' title='bbox 788 1920 903 1997; x_wconf 78' lang='lat' dir='ltr'><strong>copiose</strong></span> 
     </span>
     <span class='ocr_line' id='line_1_18' title="bbox 117 2011 903 2089; baseline 0.009 -21"><span class='ocrx_word' id='word_1_112' title='bbox 117 2011 228 2069; x_wconf 90' lang='lat' dir='ltr'><strong>laudari</strong></span> <span class='ocrx_word' id='word_1_113' title='bbox 248 2012 310 2071; x_wconf 88' lang='lat' dir='ltr'><strong>sine</strong></span> <span class='ocrx_word' id='word_1_114' title='bbox 331 2011 476 2083; x_wconf 85' lang='lat' dir='ltr'><strong>virtutum,</strong></span> <span class='ocrx_word' id='word_1_115' title='bbox 496 2030 552 2069; x_wconf 85' lang='lat' dir='ltr'><strong>nee</strong></span> <span class='ocrx_word' id='word_1_116' title='bbox 572 2013 733 2089; x_wconf 89' lang='lat' dir='ltr'><strong>improbum</strong></span> <span class='ocrx_word' id='word_1_117' title='bbox 752 2015 846 2074; x_wconf 90' lang='lat' dir='ltr'><strong>notari</strong></span> <span class='ocrx_word' id='word_1_118' title='bbox 867 2034 903 2075; x_wconf 87' lang='lat' dir='ltr'><strong>ao</strong></span> 
     </span>
     <span class='ocr_line' id='line_1_19' title="bbox 117 2106 903 2187; baseline 0.006 -24"><span class='ocrx_word' id='word_1_119' title='bbox 117 2106 271 2182; x_wconf 85' lang='lat' dir='ltr'><strong>vituperari</strong></span> <span class='ocrx_word' id='word_1_120' title='bbox 295 2106 357 2163; x_wconf 87' lang='lat' dir='ltr'><strong>sine</strong></span> <span class='ocrx_word' id='word_1_121' title='bbox 377 2106 510 2164; x_wconf 85' lang='lat' dir='ltr'><strong>vitiorum</strong></span> <span class='ocrx_word' id='word_1_122' title='bbox 531 2107 706 2183; x_wconf 76' lang='lat' dir='ltr'><strong>cognitione,</strong></span> <span class='ocrx_word' id='word_1_123' title='bbox 727 2109 796 2168; x_wconf 88' lang='lat' dir='ltr'><strong>satis</strong></span> <span class='ocrx_word' id='word_1_124' title='bbox 815 2109 903 2187; x_wconf 89' lang='lat' dir='ltr'><strong>insig-</strong></span> 
     </span>
     <span class='ocr_line' id='line_1_20' title="bbox 116 2203 902 2278; baseline 0.005 -19"><span class='ocrx_word' id='word_1_125' title='bbox 116 2203 179 2260; x_wconf 85' lang='lat' dir='ltr'><strong>nite</strong></span> <span class='ocrx_word' id='word_1_126' title='bbox 206 2212 290 2277; x_wconf 90' lang='lat' dir='ltr'><strong>atque</strong></span> <span class='ocrx_word' id='word_1_127' title='bbox 317 2220 415 2278; x_wconf 87' lang='lat' dir='ltr'><strong>aspere</strong></span> <span class='ocrx_word' id='word_1_128' title='bbox 441 2220 532 2277; x_wconf 89' lang='lat' dir='ltr'><strong>posse.</strong></span> <span class='ocrx_word' id='word_1_129' title='bbox 579 2203 676 2277; x_wconf 84' lang='lat' dir='ltr'><strong>Atque</strong></span> <span class='ocrx_word' id='word_1_130' title='bbox 702 2203 747 2262; x_wconf 88' lang='lat' dir='ltr'><strong>his</strong></span> <span class='ocrx_word' id='word_1_131' title='bbox 772 2204 847 2263; x_wconf 86' lang='lat' dir='ltr'><strong>loeis</strong></span> <span class='ocrx_word' id='word_1_132' title='bbox 872 2214 902 2263; x_wconf 90' lang='lat' dir='ltr'><strong>et</strong></span> 
     </span>
     <span class='ocr_line' id='line_1_21' title="bbox 116 2298 949 2374; baseline 0.013 -19"><span class='ocrx_word' id='word_1_133' title='bbox 116 2298 253 2355; x_wconf 88' lang='lat' dir='ltr'><strong>laudandi</strong></span> <span class='ocrx_word' id='word_1_134' title='bbox 267 2308 297 2357; x_wconf 87' lang='lat' dir='ltr'><strong>et</strong></span> <span class='ocrx_word' id='word_1_135' title='bbox 309 2298 486 2374; x_wconf 85' lang='lat' dir='ltr'><strong>vituperandi</strong></span> <span class='ocrx_word' id='word_1_136' title='bbox 506 2316 582 2374; x_wconf 76' lang='lat' dir='ltr'><strong>sepe</strong></span> <span class='ocrx_word' id='word_1_137' title='bbox 600 2298 682 2357; x_wconf 87' lang='lat' dir='ltr'><strong>nobis</strong></span> <span class='ocrx_word' id='word_1_138' title='bbox 701 2309 745 2357; x_wconf 89' lang='lat' dir='ltr'><strong>est</strong></span> <span class='ocrx_word' id='word_1_139' title='bbox 762 2300 901 2363; x_wconf 82' lang='lat' dir='ltr'><strong>utendum</strong></span> <span class='ocrx_word' id='word_1_140' title='bbox 915 2314 949 2367; x_wconf 69' lang='lat' dir='ltr'><strong>tt)</strong></span> 
     </span>
     <span class='ocr_line' id='line_1_22' title="bbox 116 2394 531 2471; baseline -0.005 -18"><span class='ocrx_word' id='word_1_141' title='bbox 116 2394 148 2453; x_wconf 90' lang='lat' dir='ltr'><strong>in</strong></span> <span class='ocrx_word' id='word_1_142' title='bbox 162 2395 240 2452; x_wconf 88' lang='lat' dir='ltr'><strong>omni</strong></span> <span class='ocrx_word' id='word_1_143' title='bbox 253 2413 358 2471; x_wconf 87' lang='lat' dir='ltr'><strong>genere</strong></span> <span class='ocrx_word' id='word_1_144' title='bbox 372 2413 531 2453; x_wconf 81' lang='lat' dir='ltr'><strong>causarum.</strong></span> 
     </span>
    </p>

    <p class='ocr_par' dir='ltr' id='par_1_5' title="bbox 112 2488 945 2935">
     <span class='ocr_line' id='line_1_23' title="bbox 155 2488 898 2572; baseline 0.005 -23"><span class='ocrx_word' id='word_1_145' title='bbox 155 2490 287 2562; x_wconf 84' lang='lat' dir='ltr'><strong>Habetis,</strong></span> <span class='ocrx_word' id='word_1_146' title='bbox 301 2491 338 2548; x_wconf 88' lang='lat' dir='ltr'><strong>de</strong></span> <span class='ocrx_word' id='word_1_147' title='bbox 352 2488 531 2548; x_wconf 85' lang='lat' dir='ltr'><strong>inveniendis</strong></span> <span class='ocrx_word' id='word_1_148' title='bbox 551 2490 636 2549; x_wconf 89' lang='lat' dir='ltr'><strong>rebus</strong></span> <span class='ocrx_word' id='word_1_149' title='bbox 649 2490 898 2572; x_wconf 85' lang='lat' dir='ltr'><strong>disponendisque,</strong></span> 
     </span>
     <span class='ocr_line' id='line_1_24' title="bbox 115 2586 899 2664; baseline 0.008 -19"><span class='ocrx_word' id='word_1_150' title='bbox 115 2587 183 2662; x_wconf 89' lang='lat' dir='ltr'><strong>quid</strong></span> <span class='ocrx_word' id='word_1_151' title='bbox 203 2586 341 2645; x_wconf 87' lang='lat' dir='ltr'><strong>sentiam:</strong></span> <span class='ocrx_word' id='word_1_152' title='bbox 364 2586 515 2664; x_wconf 82' lang='lat' dir='ltr'><strong>adjungam</strong></span> <span class='ocrx_word' id='word_1_153' title='bbox 535 2586 622 2644; x_wconf 86' lang='lat' dir='ltr'><strong>etiam</strong></span> <span class='ocrx_word' id='word_1_154' title='bbox 642 2586 679 2644; x_wconf 89' lang='lat' dir='ltr'><strong>de</strong></span> <span class='ocrx_word' id='word_1_155' title='bbox 698 2589 846 2662; x_wconf 70' lang='lat' dir='ltr'><strong>memorii,</strong></span> <span class='ocrx_word' id='word_1_156' title='bbox 866 2601 899 2651; x_wconf 88' lang='lat' dir='ltr'><strong>ut</strong></span> 
     </span>
     <span class='ocr_line' id='line_1_25' title="bbox 114 2682 898 2760; baseline 0.008 -20"><span class='ocrx_word' id='word_1_157' title='bbox 114 2683 212 2741; x_wconf 88' lang='lat' dir='ltr'><strong>labore</strong></span> <span class='ocrx_word' id='word_1_158' title='bbox 226 2682 361 2741; x_wconf 77' lang='lat' dir='ltr'><strong>Crassum</strong></span> <span class='ocrx_word' id='word_1_159' title='bbox 376 2683 476 2756; x_wconf 86' lang='lat' dir='ltr'><strong>levem,</strong></span> <span class='ocrx_word' id='word_1_160' title='bbox 491 2700 584 2758; x_wconf 87' lang='lat' dir='ltr'><strong>neque</strong></span> <span class='ocrx_word' id='word_1_161' title='bbox 597 2682 625 2741; x_wconf 92' lang='lat' dir='ltr'><strong>ei</strong></span> <span class='ocrx_word' id='word_1_162' title='bbox 638 2682 796 2760; x_wconf 88' lang='lat' dir='ltr'><strong>quidquam·</strong></span> <span class='ocrx_word' id='word_1_163' title='bbox 810 2684 898 2760; x_wconf 86' lang='lat' dir='ltr'><strong>alind,</strong></span> 
     </span>
     <span class='ocr_line' id='line_1_26' title="bbox 113 2778 945 2858; baseline 0.008 -23"><span class='ocrx_word' id='word_1_164' title='bbox 113 2779 151 2836; x_wconf 91' lang='lat' dir='ltr'><strong>de</strong></span> <span class='ocrx_word' id='word_1_165' title='bbox 171 2797 228 2854; x_wconf 91' lang='lat' dir='ltr'><strong>quo</strong></span> <span class='ocrx_word' id='word_1_166' title='bbox 248 2778 379 2853; x_wconf 87' lang='lat' dir='ltr'><strong>disserat,</strong></span> <span class='ocrx_word' id='word_1_167' title='bbox 392 2779 561 2856; x_wconf 85' lang='lat' dir='ltr'><strong>relinquam,</strong></span> <span class='ocrx_word' id='word_1_168' title='bbox 578 2779 635 2839; x_wconf 89' lang='lat' dir='ltr'><strong>nisi</strong></span> <span class='ocrx_word' id='word_1_169' title='bbox 654 2798 699 2853; x_wconf 88' lang='lat' dir='ltr'><strong>ea,</strong></span> <span class='ocrx_word' id='word_1_170' title='bbox 712 2779 815 2858; x_wconf 86' lang='lat' dir='ltr'><strong>quibus</strong></span> <span class='ocrx_word' id='word_1_171' title='bbox 833 2780 898 2846; x_wconf 81' lang='lat' dir='ltr'><strong>laea</strong></span> <span class='ocrx_word' id='word_1_172' title='bbox 911 2792 945 2845; x_wconf 74' lang='lat' dir='ltr'><strong>aa</strong></span> 
     </span>
     <span class='ocr_line' id='line_1_27' title="bbox 112 2885 294 2935; baseline 0.011 -3"><span class='ocrx_word' id='word_1_173' title='bbox 112 2885 294 2935; x_wconf 83' lang='lat' dir='ltr'><strong>exornentur.</strong></span> 
     </span>
    </p>
   </div>
   <div class='ocr_carea' id='block_1_3' title="bbox 152 3064 898 3223">
    <p class='ocr_par' dir='ltr' id='par_1_6' title="bbox 152 3064 898 3223">
     <span class='ocr_line' id='line_1_28' title="bbox 152 3064 898 3147; baseline 0 -16"><span class='ocrx_word' id='word_1_174' title='bbox 152 3064 323 3131; x_wconf 74' lang='lat' dir='ltr'><strong>Lxxxvt.</strong></span> <span class='ocrx_word' id='word_1_175' title='bbox 353 3066 445 3147; x_wconf 83' lang='lat' dir='ltr'><strong>Perge</strong></span> <span class='ocrx_word' id='word_1_176' title='bbox 470 3086 549 3143; x_wconf 83' lang='lat' dir='ltr'><strong>vero,</strong></span> <span class='ocrx_word' id='word_1_177' title='bbox 575 3067 668 3147; x_wconf 89' lang='lat' dir='ltr'><strong>inquit</strong></span> <span class='ocrx_word' id='word_1_178' title='bbox 693 3070 830 3131; x_wconf 75' lang='lat' dir='ltr'><strong>Crassis:</strong></span> <span class='ocrx_word' id='word_1_179' title='bbox 862 3068 898 3131; x_wconf 85' lang='lat' dir='ltr'><strong>li·</strong></span> 
     </span>
     <span class='ocr_line' id='line_1_29' title="bbox 191 3164 442 3223; baseline 0.02 -4"><span class='ocrx_word' id='word_1_180' title='bbox 191 3179 256 3221; x_wconf 83' lang='lat' dir='ltr'><strong>roa.</strong></span> <span class='ocrx_word' id='word_1_181' title='bbox 270 3180 303 3223; x_wconf 89' lang='lat' dir='ltr'><strong>u.</strong></span> <span class='ocrx_word' id='word_1_182' title='bbox 422 3164 442 3223; x_wconf 89' lang='grc'><strong>7</strong></span> 
     </span>
    </p>
   </div>
   <div class='ocr_carea' id='block_1_4' title="bbox 0 0 1096 3575">
    <p class='ocr_par' dir='ltr' id='par_1_7' title="bbox 0 0 1096 3575">
     <span class='ocr_line' id='line_1_30' title="bbox 0 0 1096 3575; baseline 0 4"><span class='ocrx_word' id='word_1_183' title='bbox 0 0 1096 3575; x_wconf 95' lang='lat' dir='ltr'><strong> </strong></span> 
     </span>
    </p>
   </div>
  </div>
 </body>
</html>
