2184 3575
130 339 158 388 r..
169 340 225 402 m]
412 341 455 392 na
476 345 640 394 onaruarc
898 337 959 398 ’99

170 489 229 547 Sed
263 489 356 548 omnis
390 490 526 566 loquendi
562 491 715 570 elegantia,
749 511 912 570 quanquam

130 586 270 661 expolitur
293 587 414 646 scientio
436 588 593 661 literarum,
613 600 710 647 tamen
733 601 852 666 augetur
872 590 913 648 le·

129 681 231 758 gaudis
258 683 417 741 oratoribus
443 693 472 742 et
497 684 600 759 poetis.
654 685 729 742 Sunt
760 685 837 743 euim
870 685 912 744 illi

131 787 249 849 veteres,
272 777 322 853 qui
346 796 448 836 ornare
474 779 603 837 nondum
628 788 759 854 poterant
781 799 826 852 ea,
848 799 912 857 qun

131 873 273 946 dicebant,
287 893 387 933 omnes
406 893 494 951 prope
513 875 650 950 preclare
664 874 770 938 locuti:
790 886 944 952 quorumo

129 988 261 1028 sermone
295 971 447 1029 assuefacti
479 971 528 1047 qui
563 980 657 1043 erunt,
689 990 727 1030 ne
762 973 912 1049 cupientes

129 1067 244 1142 quidem
272 1075 406 1143 poterunt
438 1067 526 1141 loqui,
553 1067 610 1124 nisi
642 1067 755 1126 Latine.
807 1068 912 1144 Neque

129 1172 224 1220 tamen
245 1161 300 1220 erit
318 1163 456 1220 utendum
475 1163 570 1220 verbis
589 1163 635 1234 iis,
649 1164 752 1239 quihus
768 1164 828 1242 jem
844 1183 913 1223 con·

130 1259 251 1317 suetudo
271 1269 368 1316 nostra
386 1277 445 1316 non
465 1258 564 1329 utitur,
578 1259 634 1316 nisi
653 1260 777 1335 qnando,
790 1261 912 1320 ornandi

130 1353 228 1424 causi,
251 1371 346 1430 parce,
370 1354 445 1429 quod
469 1355 634 1425 ostendam
664 1356 715 1413 sed
738 1355 849 1414 mitaris
872 1357 913 1415 ita
927 1366 959 1417 lt

129 1449 234 1526 poterit
266 1449 318 1521 uti,
349 1448 512 1508 lectissimis
544 1460 578 1507 ut
609 1461 713 1522 utatur,
745 1451 780 1522 is,
806 1452 855 1527 qui
881 1452 912 1511 in

129 1546 272 1604 veteribus
292 1545 346 1607 erit
365 1545 478 1625 scriptis
496 1545 624 1606 studiose
644 1556 674 1606 et
692 1547 814 1605 multum
833 1548 912 1608 rolu-

129 1652 213 1704 tatus.

167 1837 221 1897 XL
252 1838 358 1914 Atque,
378 1847 411 1896 ut
430 1837 534 1899 Latine
559 1838 718 1915 loquamur,
739 1858 799 1899 non
817 1839 911 1899 solum

129 1934 282 1993 videndum
309 1944 361 2006 est,
385 1942 418 1993 ut
442 1943 472 1993 et
498 1936 586 1993 rerba
611 1936 761 1996 efferamus
783 1955 828 2009 ee,
848 1952 911 2013 que
925 1944 958 1994 15

129 2050 214 2090 nemo
229 2031 293 2108 jure
312 2030 517 2106 reprehendat3
537 2041 567 2089 ct
586 2032 684 2089 casio
703 2042 732 2089 et
745 2032 868 2104 casibus,
882 2041 913 2091 et

129 2126 314 2202 temporibus,
329 2135 358 2183 et
376 2144 491 2203 genere,
512 2136 541 2183 et
561 2146 680 2185 nurnero
699 2146 911 2199 conservemus,

130 2232 162 2279 ut
182 2220 287 2296 nequid
305 2222 511 2296 perturbatum,
530 2238 565 2279 ac
585 2222 825 2298 discrepassent
842 2241 913 2299 prn-

128 2326 273 2393 posteruur
294 2316 346 2385 sit;
373 2315 424 2373 sed
450 2316 536 2373 etiarn
556 2315 665 2392 lingua,
685 2327 715 2375 et
737 2317 862 2393 spiritus,
882 2328 912 2377 et

130 2413 209 2471 vocis
228 2430 315 2471 sonus
332 2421 376 2469 est
389 2411 449 2487 ipsc
462 2412 662 2471 moderandus.
703 2412 779 2471 Nolo
792 2414 911 2490 exprimi
925 2426 957 2477 m

129 2509 226 2569 literas
257 2508 394 2585 putidius,
421 2507 489 2565 nolo
522 2507 671 2565 obscurari
702 2508 910 2586 negligentius3

129 2605 198 2664 nolo
211 2604 297 2662 rerba
316 2603 427 2661 exiliter
444 2600 596 2683 [animata]
611 2604 699 2676 exire,
715 2605 784 2662 nolo
801 2604 911 2679 inflata,

129 2710 159 2759 et
171 2700 252 2776 quasi
272 2699 404 2757 anhelata
419 2698 550 2776 marius:
570 2717 637 2757 nam
651 2699 687 2757 dc
702 2718 770 2759 voce
783 2701 911 2760 noudum

129 2814 164 2855 ea
177 2798 251 2869 dico,
265 2814 328 2872 quie
348 2803 415 2853 sunt
433 2794 571 2867 actionis3
592 2796 644 2853 sed
663 2796 729 2869 hoc,
743 2797 820 2872 qnod
839 2797 910 2857 mihi

129 2910 196 2949 cum
215 2908 346 2951 sannone
365 2890 447 2965 quasi
467 2891 653 2967 conjunctum
672 2892 791 2952 videtur.
836 2894 910 2953 Sunt
924 2905 957 2955 to

128 2986 206 3045 enim
226 2998 304 3046 certa
323 2986 401 3057 vitia,
421 3005 494 3061 quae,
514 3004 600 3045 uerno
620 2997 673 3060 est,
694 2989 763 3064 quin
781 2990 911 3067 effugere

127 3082 241 3160 cupiat3
262 3082 355 3141 mollis
368 3100 431 3156 vox,
445 3092 477 3141 ut
490 3082 646 3158 muliebris,
662 3094 711 3144 aut
728 3086 811 3163 quasi
829 3095 910 3145 extra
