2184 3575
152 340 193 398 60
470 350 514 397 ru:
536 346 700 396 osricus.
899 348 984 408 [uu

200 497 377 557 satisfactum
402 518 461 557 nou
485 500 532 573 sit,
558 500 648 558 multo
672 499 737 575 plus
759 498 796 557 sit
820 499 849 556 iu
871 498 984 573 relique

201 595 288 652 causi
314 595 509 653 laborandum.
550 595 629 653 Male
655 596 732 652 euim
758 612 790 651 se
815 612 861 652 res
885 594 981 666 habet,

200 710 262 765 quar
283 710 340 749 nou
361 692 466 763 statim,
485 702 516 750 ut
536 692 595 749 dici
615 701 708 767 crepta
727 701 780 762 est,
800 691 900 749 melior
919 688 983 747 lieri

200 786 319 844 videtur.
365 787 453 864 Ergo,
475 797 505 845 ut
524 772 562 844 iu¹
575 797 689 845 oratore
708 787 832 863 optimus
850 786 980 862 quisque,

167 880 243 943 osio
276 892 304 939 et
337 882 365 939 iu
400 883 539 954 oratione,
566 883 759 941 firmissimum
785 882 918 957 quodque
943 882 983 941 sit

199 978 337 1053 primum;
358 979 426 1035 dum
447 978 516 1035 illud
536 989 631 1035 tarueu
653 979 681 1035 iu
702 988 822 1052 utroque
839 988 981 1051 teneatur,

200 1083 232 1130 ut
251 1092 295 1145 ea,
316 1094 378 1149 quoe
400 1074 550 1145 excellant,
571 1083 718 1131 serventur
737 1074 824 1131 etiam
845 1073 879 1131 ad
899 1092 983 1149 pero·

199 1170 335 1227 randum:
356 1170 380 1227 si
401 1189 463 1245 quae
483 1180 567 1227 erunt
586 1169 752 1241 mediocria,
771 1168 851 1244 (narn
872 1169 982 1227 vitiosis

200 1284 339 1340 nusquam
353 1284 415 1323 esse
429 1276 538 1341 oportet
552 1266 660 1344 locum)
675 1266 704 1321 in
718 1266 840 1323 medIam
856 1265 981 1338 turbam,

153 1373 184 1422 10
200 1372 284 1436 atque
298 1362 327 1419 iu
341 1380 466 1439 gregem,
482 1362 681 1437 conjiciantur.

239 1458 329 1515 Hisce
350 1458 482 1515 omnibus
502 1459 587 1515 rebus
608 1456 805 1528 consideratis,
819 1466 879 1513 tum
900 1456 982 1514 deni·

200 1573 255 1630 que
269 1554 308 1626 id,
323 1554 398 1628 quod
417 1554 540 1629 primum
560 1564 604 1609 est
624 1553 787 1621 dicendum,
806 1562 982 1627 postremum

200 1650 277 1708 soleo
290 1650 425 1726 cogitare,
441 1667 496 1724 quo
511 1659 572 1706 utar
585 1648 717 1705 exordio:
738 1666 814 1717 narn,
829 1647 852 1705 sl
867 1648 983 1722 quaudo

200 1745 228 1803 id
242 1745 364 1822 primum
385 1744 513 1803 invenire
527 1744 613 1817 voluI,
627 1744 735 1802 nullum
756 1744 827 1801 mihi
845 1743 982 1816 occurrit,

153 1855 185 1904 15
200 1841 255 1900 nisi
270 1851 316 1899 aut
330 1841 414 1914 exile,
430 1851 477 1900 aut
490 1840 680 1918 nugatorium,
693 1849 741 1898 aut
755 1840 880 1919 vulgare,
894 1850 984 1916 atque

201 1955 361 1996 commune.

239 2127 409 2188 LXXVIII.
438 2127 585 2204 PrincipIa
606 2139 699 2187 autem
727 2128 843 2186 dicendi
869 2147 982 2205 semper

152 2222 157 2233 ⁹
201 2245 267 2285 oum
289 2235 432 2298 accurata,
453 2234 482 2283 et
502 2235 595 2296 acuta,
615 2235 644 2282 et
663 2225 802 2283 instructa
821 2225 981 2296 sententiis,

202 2333 267 2399 apta
291 2323 393 2393 verbis,
416 2332 477 2378 tum
504 2339 571 2378 vero
598 2339 748 2378 causarum
773 2320 897 2395 propria,
917 2338 982 2378 csse

153 2435 186 2486 ω
201 2419 314 2477 debent.
355 2418 451 2476 Prima
463 2427 506 2474 est
524 2417 601 2474 eninr
621 2417 701 2492 quasi
721 2415 850 2492 cognitio
862 2426 892 2474 et
905 2433 983 2474 com·

201 2512 346 2572 mendatio
366 2511 503 2571 orationis
528 2512 559 2569 in
584 2511 819 2587 principioque
845 2511 983 2570 continuo

202 2626 278 2680 eum,
292 2609 341 2683 qui
356 2607 443 2678 audit,
458 2607 635 2682 permulcere
656 2616 738 2681 atque
759 2606 873 2665 allicere
887 2607 981 2665 debet.

202 2703 238 2762 In
258 2722 315 2779 quo
335 2702 468 2760 admirari
488 2701 577 2772 soleo,
598 2720 655 2759 uon
675 2702 806 2776 equidem
834 2701 912 2773 istos,
932 2702 983 2777 qui

201 2800 307 2860 nullam
327 2799 395 2856 huic
414 2798 456 2855 rei
476 2814 590 2872 operam
611 2796 760 2869 dederunt,
774 2798 824 2855 sed
838 2799 983 2856 homiuem

154 2916 186 2970 25
201 2895 231 2954 in
251 2894 351 2971 primis
370 2894 506 2951 disertum
528 2902 612 2968 atquc
634 2893 788 2965 eruditum,
808 2892 982 2970 Philippum,

203 2991 252 3067 qui
278 2990 318 3048 ita
344 2989 416 3047 solet
443 2988 478 3046 ad
505 2988 659 3047 dicendum
685 3006 811 3065 surgere,
838 2998 879 3062 ut,
906 2989 983 3064 quod

201 3086 324 3165 primum
349 3085 466 3142 verbum
493 3083 641 3143 habiturus
665 3083 712 3157 sit,
734 3083 861 3156 nesciat3
891 3094 922 3144 et
942 3084 984 3143 ait
