2184 3575
128 333 187 395 too
259 324 263 336 ’
449 353 493 411 nn
515 351 680 401 onaronn.
866 347 961 412 [nna

171 495 326 571 Antonius,
347 499 391 557 rel
411 519 477 559 cum
498 504 684 579 explanamus
704 495 821 576 aliquid,
835 499 880 557 vel
893 515 961 558 curn

172 595 361 654 conciliamus
382 598 502 670 animos,
521 600 565 657 vel
587 619 653 657 cnm
674 599 861 657 concitamus.
901 595 962 654 Sed

172 689 202 748 in
217 691 282 765 hoo,
297 695 373 770 quod
386 706 562 771 postremum
583 697 653 769 dixi,
669 695 852 772 amplificatio
867 701 963 772 potest

170 787 336 863 plurimum,
363 810 453 868 eaque
480 813 540 851 una
560 794 624 851 laus
644 793 765 851 oratoris
785 802 828 850 est
847 789 963 868 propria

141 891 158 941 ὅ
171 885 303 944 maxime.
345 887 440 946 Etiam
456 890 544 967 major
558 901 602 948 est
615 891 664 948 illa
682 888 861 959 exercitatio,
875 905 962 963 quam

170 991 298 1040 extremo
319 1003 451 1043 sermone
472 986 606 1045 instruxit
624 986 773 1043 Antonius
793 984 900 1062 (primo
918 999 963 1040 re·

167 1077 300 1159 jiciebat)
335 1081 472 1140 laudandi
504 1093 533 1140 et
559 1083 747 1159 vituperandi.
795 1080 884 1138 Nihil
917 1088 962 1138 est

168 1175 248 1234 enim
263 1178 298 1235 ad
313 1179 542 1256 exaggerandam
557 1189 586 1237 et
607 1179 837 1255 amplificandam
853 1175 963 1235 oratio·

167 1291 238 1331 nem
272 1277 526 1348 accommodatius,
555 1295 640 1352 quam
673 1285 826 1350 utrumque
858 1273 961 1331 borum

126 1375 157 1425 10
168 1370 398 1430 cumulatissime
409 1372 504 1430 lacere
514 1392 605 1450 posse.
643 1372 864 1447 Consequentur
874 1370 962 1428 etiem

171 1465 213 1524 illi
239 1467 307 1540 loci,
336 1468 395 1544 qui,
422 1489 584 1546 quanquam
611 1469 719 1546 proprii
747 1484 908 1540 causarum,
932 1476 962 1525 et

171 1562 343 1622 inherentes
364 1565 394 1623 in
415 1585 511 1624 earum
533 1566 628 1624 nervis
646 1585 710 1623 esse
724 1565 839 1637 debent,
853 1575 960 1635 tamen,

170 1659 288 1735 quiade
303 1661 436 1719 universi
455 1680 487 1718 re
507 1663 623 1720 tractari
644 1662 747 1732 solent,
761 1679 962 1718 communesa

171 1757 314 1816 veteribus
332 1758 473 1816 nominati
493 1768 575 1829 sunt;
596 1776 717 1834 quorum
737 1756 840 1834 partim
855 1756 962 1815 habent

127 1852 302 1911 lesbiorum
330 1864 359 1911 et
385 1862 571 1930 peccatorum
600 1873 696 1912 acrem
722 1854 866 1929 quandam
891 1871 961 1912 curn

172 1949 393 2026 amplificatione
412 1951 633 2022 incusationem,
655 1960 704 2008 aut
722 1950 878 2026 querelam,
892 1967 962 2008 cou-

170 2055 216 2104 tra
240 2064 325 2122 quem
353 2046 412 2108 dici
438 2046 509 2105 nihil
542 2047 625 2118 solet,
653 2066 709 2105 nec
741 2056 844 2123 potest,
871 2055 903 2103 ut
930 2045 961 2103 in

171 2141 410 2219 depeculatorem,
438 2143 468 2200 in
495 2144 681 2219 proditorem,
709 2143 737 2200 in
769 2142 959 2219 parricidam

143 2264 145 2271 ¹
171 2240 275 2315 quibus
286 2238 337 2312 uti,
350 2239 526 2297 confirmetis
537 2239 717 2310 criminibus,
728 2249 855 2315 oportet3
877 2239 960 2297 aliter

124 2340 156 2391 20
170 2335 248 2392 enim
259 2334 350 2411 jejuni
364 2345 440 2407 suut,
453 2345 537 2411 atque
549 2336 666 2394 inanes:
688 2335 735 2393 elii
747 2345 841 2393 autern
853 2336 961 2393 habent

170 2429 412 2504 deprecationem,
427 2441 476 2488 aut
489 2432 719 2502 miserationem
741 2432 790 2489 alii
801 2450 868 2490 vero
882 2432 960 2490 anci·

169 2526 244 2602 pites
257 2525 473 2601 disputationes,
487 2528 517 2585 in
530 2527 635 2605 quibus
648 2529 685 2585 de
700 2528 834 2587 universo
852 2546 959 2606 genere

170 2620 200 2679 in
217 2628 366 2697 utramque
384 2632 492 2699 partem
509 2623 611 2682 disseri
627 2624 745 2699 copiose
762 2624 839 2681 licet.
880 2622 958 2685 Quae

169 2715 338 2775 exercitatio
352 2736 430 2775 nuno
443 2718 559 2795 propria
572 2718 692 2776 duarum
701 2717 957 2794 philosophiarum,

123 2821 155 2871 25
169 2812 205 2870 de
220 2812 323 2888 quibus
338 2823 404 2871 ante
424 2813 493 2885 dixi,
507 2824 623 2890 putatur
631 2832 639 2884 ;
662 2815 736 2890 apud
751 2814 885 2889 antiquos
896 2826 958 2874 erat

168 2926 279 2982 eorum,
301 2928 318 2966 a
338 2909 441 2985 quibus
461 2909 555 2967 omnis
575 2909 610 2967 de
630 2911 716 2968 rebus
736 2910 897 2969 forensibus
916 2912 960 2969 di·

169 3004 256 3062 cendi
269 3003 342 3063 ratio
356 3014 384 3061 et
398 3004 480 3081 copie
492 3006 651 3081 petebatur.
691 3004 738 3063 De
750 3004 855 3065 virtute
863 3008 956 3080 enim,

161 3099 207 3159 de
221 3100 330 3173 officio,
345 3100 382 3157 de
397 3118 482 3177 equo
501 3110 530 3158 et
548 3100 637 3172 bono,
656 3100 695 3158 de
709 3100 863 3179 dignritate,
876 3102 957 3169 utili·
