2184 3575
134 312 193 372 156
451 327 494 376 nn
516 325 672 374 onaruns
867 323 906 384 ιι.
915 323 962 373 111.

174 469 271 532 lumen
287 472 426 549 aoaipiar;
447 485 479 532 ut
493 474 596 533 eadam
615 473 713 550 spatia.
727 471 852 548 quinqua
871 470 963 530 atelle

175 567 282 644 dispari
296 580 374 628 motu
395 589 538 644 cursuque
558 570 722 628 conficiant.
763 568 838 626 Haen
854 578 964 625 tantam

175 665 281 724 habant
299 666 366 738 vim,
381 678 413 724 ut
431 667 548 742 paulurn
569 667 717 724 immutata
737 666 882 723 aohaerere
902 682 964 723 non

174 763 299 839 possint;
321 772 428 820 tamam
446 763 699 839 pulchritudinem,
713 772 745 820 ut
758 761 838 818 uuila
850 762 964 836 spacia

145 870 212 919 ana
232 859 388 936 eraogitari
410 860 525 934 quidem
544 860 634 936 possit
654 859 787 917 ornatior.
842 856 963 914 Referta

175 973 254 1012 nunu
274 956 398 1017 animum
415 956 449 1014 ad
465 956 624 1027 hominum,
638 955 682 1012 vel
696 955 783 1012 etiam
801 967 964 1010 ceterarum

175 1050 374 1122 animantium,
390 1052 509 1112 formam
523 1063 552 1109 aa
566 1052 704 1129 figuram:
725 1050 833 1109 nullam
852 1059 966 1124 partem

176 1147 304 1222 corporis
323 1147 386 1204 aina
407 1148 502 1223 aliqui
522 1147 694 1207 necessitate
715 1145 848 1216 affictam,
862 1154 966 1202 totam·

176 1261 231 1318 qne
246 1242 364 1302 formam
379 1244 460 1319 quasi
479 1245 635 1320 perfectam
656 1242 803 1320 reperietis
820 1250 890 1314 arte,
903 1259 966 1298 non

131 1351 162 1402 10
176 1358 254 1409 casu,

214 1533 322 1594 XLVI.
353 1534 436 1598 Quid
463 1535 493 1592 in
524 1534 683 1606 arboribus,
710 1532 741 1592 iu
768 1533 871 1609 quibus
903 1549 967 1590 uon

176 1640 305 1701 truncus,
326 1650 384 1688 non
405 1631 487 1702 rami,
505 1649 565 1687 non
585 1631 654 1689 folia
673 1641 741 1688 aunt
760 1630 893 1705 denique,
907 1628 966 1686 nisi

178 1727 213 1784 ad
227 1746 307 1786 suam
322 1727 499 1784 retinendam
520 1726 800 1804 conservandamque
813 1726 965 1784 naturam?

176 1842 314 1899 nusquam
329 1834 424 1881 tamen
439 1833 483 1881 est
496 1823 555 1881 ulla
570 1842 645 1899 para,
659 1823 714 1881 nisi
728 1834 856 1883 venusta.
897 1823 967 1881 Lin-

132 1931 163 1980 15
177 1941 297 1997 quamus
311 1932 451 1992 naturam,
467 1931 597 1995 artesque
611 1922 765 1981 videamus.
804 1922 887 1989 Quid
905 1932 966 1979 tam

178 2019 210 2080 in
228 2018 343 2095 navigio
363 2018 568 2089 necessarium,
587 2037 672 2094 quam
692 2018 791 2090 latera,
812 2038 897 2094 quam
918 2037 966 2076 aa·

177 2134 281 2184 vernn,
296 2134 380 2189 quam
394 2134 489 2190 prora,
501 2134 585 2189 quam
599 2114 712 2191 puppis,
722 2134 806 2190 quam
822 2124 964 2186 antennae,

177 2232 262 2289 quam
277 2212 348 2284 vela,
363 2231 448 2286 quam
469 2211 557 2271 maria
578 2230 640 2286 quas
660 2221 757 2270 tamen
770 2210 847 2269 harro
858 2211 967 2271 habant

178 2309 207 2367 in
223 2308 318 2385 apanis
339 2318 525 2387 venustatam,
546 2317 657 2365 utnon
678 2307 769 2365 solum
790 2308 899 2379 salutis,
914 2307 966 2365 aad

131 2415 163 2463 20
177 2405 262 2463 etiam
284 2404 436 2481 voluptatis
463 2404 561 2475 causa,
582 2405 697 2463 inventa
723 2422 786 2461 asae
806 2404 964 2464 videantur.

178 2500 328 2561 Columna
342 2511 370 2561 et
384 2500 490 2576 templa
502 2510 532 2559 et
543 2499 672 2576 porticus
690 2501 847 2559 sustinent:
868 2512 967 2559 tamen

178 2596 284 2657 habena
297 2616 355 2656 non
369 2597 433 2673 plus
453 2597 595 2669 utilitatis,
608 2616 692 2672 quam
713 2597 868 2674 dignitatis.
910 2597 966 2657 Ca·

177 2694 271 2770 pitolii
291 2694 436 2772 fastigium
456 2694 537 2765 illud,
552 2704 581 2753 at
601 2704 760 2753 ceterarum
777 2695 891 2767 sedium,
904 2713 965 2755 non

177 2801 321 2861 venustas,
333 2791 385 2849 sad
398 2790 556 2851 nenessitas
575 2790 646 2866 ipsa,
661 2790 799 2849 fabricata
816 2801 875 2851 est:
897 2810 966 2851 uam

132 2896 164 2945 25
179 2905 245 2945 aum
265 2896 340 2945 esset
359 2888 458 2945 habita
477 2886 559 2958 ratio,
575 2888 814 2963 quamadmodum
834 2906 869 2948 ex
889 2888 965 2947 utri·

179 3001 234 3059 qua
260 2982 330 3041 tauri
362 2994 443 3058 parta
476 3001 550 3059 aqua
581 2983 776 3053 delaberetur3
811 2984 966 3044 utilitatem

179 3078 277 3156 templi
291 3078 397 3156 fastigii
410 3078 535 3157 dignius
548 3090 707 3144 commuta
718 3090 777 3151 θεῖς
798 3089 841 3152 ¹¹⁸2
851 3080 966 3157 simi
