2184 3575
128 306 153 375 0.
448 323 493 373 nn
514 324 680 373 onnrcnn
880 322 963 387 {aaa

173 468 270 541 tanda,
284 470 529 549 nihiladjuvante
550 474 664 537 natural„
703 472 762 531 Sed
782 482 890 532 tantam
903 471 962 531 vim

174 566 260 631 hahet
283 567 341 640 ills,
365 588 428 644 que
452 582 532 632 recte
557 591 574 629 a
597 572 674 629 bono
701 572 789 648 poeti
813 569 893 629 dic'ta
918 580 963 629 est

174 669 192 695 “
203 663 365 738 flexanima,
387 677 471 742 atque
491 669 621 727 omnium
642 668 742 745 regina
762 669 886 739 rernm,”
900 685 963 725 ora·

173 760 224 832 tic,
252 772 284 821 ut
310 782 369 821 non
397 764 482 823 modo
509 764 698 823 inclinantem
728 765 884 840 impellere,
912 771 963 821 ant

142 861 295 915 dstantem
330 859 480 932 inclinare,
508 861 559 918 sed
592 861 680 919 etiam
709 861 905 919 adversantem
931 869 962 917 et

173 964 390 1031 repugnantem,
424 967 456 1014 nt
490 957 643 1033 imperatur
677 957 769 1016 bonus
802 975 837 1015 ac
870 955 961 1027 sortis,

172 1065 276 1126 capere
289 1052 388 1127 possit.

211 1244 304 1303 XLV.
336 1245 410 1305 Haec
424 1258 490 1305 sunt
505 1246 564 1319 illa,
578 1266 640 1322 quae
655 1266 702 1303 me
717 1245 819 1305 ludens
839 1246 962 1304 Crassus

172 1341 260 1399 modo
286 1341 442 1419 flagitabat,
470 1362 537 1401 cum
565 1363 582 1401 a
608 1362 654 1401 me
681 1343 818 1400 divinitus
844 1342 961 1401 tractari

128 1440 158 1487 1⁰
173 1436 265 1495 solere
285 1438 405 1510 diceret,
426 1440 505 1497 etin
526 1440 615 1527 causd
642 1438 684 1496 M'
706 1439 828 1514 Aquilii,
849 1441 884 1497 Ο.
905 1457 963 1514 qne

172 1532 313 1606 Norbani,
328 1535 530 1610 nonnullisque
545 1536 618 1607 aliis,
633 1536 715 1610 qnasi
728 1536 864 1611 praeclare
885 1546 960 1607 acta,

171 1630 317 1689 laudaret:
339 1650 412 1705 quae,
425 1632 599 1703 mehercule,
610 1652 676 1709 ego,
691 1632 804 1703 Crasse,
819 1652 886 1691 cnm
901 1642 961 1689 ate

172 1737 330 1785 tractantur
358 1726 387 1785 in
416 1728 520 1800 causis,
545 1729 661 1786 horrere
688 1729 784 1786 soleo:
813 1738 893 1786 tenta
917 1728 962 1785 vis

174 1824 272 1896 animi,
306 1835 402 1882 tantus
436 1825 569 1900 impetus,
603 1836 699 1883 tantus
731 1826 822 1897 dulor,
856 1825 960 1897 oculis,

127 1921 158 1969 15
173 1921 262 1992 vultu,
283 1930 376 1997 gestu,
398 1921 488 1998 digito
509 1922 634 1997 deniqne
653 1923 708 1978 istc
728 1932 789 1992 tuo,
803 1921 962 1998 significari

172 2017 261 2075 solet:
283 2027 394 2074 tantum
409 2027 452 2075 est
466 2017 573 2076 flumen
593 2017 825 2095 gravissimorum
840 2018 963 2093 optimo·

172 2132 292 2189 rumque
312 2114 473 2186 verborum,
494 2125 553 2172 tam
575 2114 693 2190 integrae
720 2113 880 2185 sententian,
901 2123 961 2170 tam

172 2229 255 2283 rerae,
283 2224 341 2269 tam
367 2231 456 2282 novae,
481 2222 538 2268 tam
567 2211 630 2268 sine
656 2210 811 2287 pigmentis
839 2210 961 2285 fucoque

171 2307 284 2382 puerili,
300 2319 331 2365 nt
344 2308 415 2366 mihi
429 2327 487 2365 non
501 2307 595 2364 solum
608 2316 640 2364 tn
654 2307 810 2364 incendere
820 2306 961 2382 judicem,

125 2411 157 2460 20
172 2404 222 2465 sed
237 2404 297 2479 ipse
312 2405 421 2477 ardere,
436 2405 568 2464 videaris.

210 2499 314 2575 Neque
334 2500 394 2558 lieri
414 2511 518 2576 potest,
540 2511 572 2558 ut
591 2500 687 2558 doleat
707 2499 732 2558 is
751 2495 800 2574 qni
821 2499 911 2571 audit,
927 2509 961 2557 nt

172 2597 274 2667 oderit,
289 2605 321 2653 nt
341 2597 476 2669 invideat,
490 2608 522 2654 ut
541 2597 725 2672 pertimescat
746 2596 863 2671 aliquid,
877 2604 910 2653 nt
923 2595 961 2653 ad

172 2692 270 2750 fletum
291 2691 574 2768 misericordiamque
595 2692 764 2765 deducatur,
783 2691 840 2750 nisi
859 2711 962 2750 omnes

171 2787 192 2846 ii
213 2799 315 2860 motus,
336 2808 406 2864 quos
426 2798 522 2846 orator
551 2789 687 2846 adhibere
707 2789 781 2848 volet
804 2788 907 2864 judici,
928 2789 961 2846 in

124 2892 156 2942 25
171 2884 234 2961 ipsc
247 2896 360 2943 oratore
380 2885 511 2961 impressi
530 2904 594 2943 esse
615 2895 700 2960 atque
720 2885 809 2945 inusti
822 2885 961 2943 videbun·

170 2991 226 3048 tur.
265 2981 356 3045 Quod
376 2981 401 3040 si
421 2983 505 3040 lictus
526 2981 629 3059 aliquis
648 2982 730 3041 dolor
757 2982 961 3059 suscipiendus

170 3088 256 3152 esset,
276 3088 306 3138 et
324 3079 350 3138 si
369 3078 401 3138 in
419 3077 562 3156 ejusmodi
588 3097 696 3158 genere
722 3080 863 3152 untionis
884 3078 962 3139 nihil
1000 3123 1005 3130 .
