2184 3575
135 286 175 345 48
454 298 497 346 on
519 298 681 345 carrona
876 296 964 357 [cu.

180 444 247 521 peii,
269 444 420 522 locupletis
446 447 578 519 hominis,
602 448 678 505 bona
702 446 765 504 sine
790 453 965 503 testamento

181 542 358 617 possederat;
392 543 559 618 sederetque
590 544 743 601 advocatus
768 561 819 598 reo
845 540 962 610 Bestiae,

182 654 248 694 curn
275 639 360 696 sunus
388 639 528 713 quoddam
560 640 721 711 duceretur,
749 647 897 695 accusator
924 635 963 693 C.

182 732 346 805 Memmius,
368 735 500 807 “vide'’
528 735 630 810 inquit,
653 737 804 807 '“Scaure
832 742 965 791 mortuus

151 836 167 883 5
182 830 298 905 rapitur,
313 830 337 885 si
350 839 431 905 potes
445 848 507 887 esse
520 833 691 905 possessor.”
741 852 744 858 ’

222 925 280 981 Sed
293 944 329 981 ex
342 924 386 982 his
400 926 531 982 omnibus
545 926 616 983 nihil
637 925 727 1001 magis
743 925 861 997 ridetur,
876 944 963 1001 quam

183 1020 257 1094 quod
271 1030 315 1077 est
333 1032 434 1095 praeter
454 1023 711 1097 exspectationem
732 1023 813 1098 cujus
833 1022 965 1079 innume·

184 1116 284 1173 rabilia
303 1127 369 1173 sunt
389 1117 526 1193 exempla,
548 1118 591 1175 tel
619 1118 706 1192 Appii
732 1118 847 1193 majoris
873 1118 961 1189 illius,

183 1212 273 1286 quiin
289 1222 398 1283 senatu,
414 1230 478 1271 cugu
499 1223 628 1289 ageretur
642 1213 678 1269 do
692 1213 767 1289 agris
785 1213 917 1288 publicis,
932 1224 963 1270 et

138 1316 168 1364 10
185 1308 220 1364 dc
239 1308 303 1384 lege
322 1308 443 1381 Thoria,
465 1319 493 1365 et
514 1320 688 1383 premeretur
715 1309 843 1365 Lucilius
867 1310 902 1365 ab
926 1308 963 1365 iis

183 1404 232 1478 qui
253 1423 269 1461 a
288 1423 391 1479 pecore
410 1405 471 1480 ejus
490 1404 607 1479 depasci
631 1424 713 1481 agros
736 1404 866 1479 publicos
886 1404 963 1460 dice·

184 1511 256 1572 rent,
276 1500 373 1557 “Non
393 1502 464 1572 est,¹'
486 1501 585 1575 inquit,
607 1500 740 1557 “Lucilii
763 1518 850 1575 pecus
874 1499 960 1556 illud:

184 1596 322 1653 erratis:''
344 1595 511 1671 (defendere
531 1580 678 1653 'Lucilium
697 1595 857 1673 videbatur)
878 1600 961 1671 “ego

184 1690 304 1747 liberum
317 1704 387 1766 puto
401 1710 480 1747 esse:
501 1690 558 1765 qut
571 1690 658 1760 lubet,
672 1691 824 1765 pascitur.''

140 1795 170 1843 15
223 1788 321 1845 Placet
340 1788 427 1844 etiam
446 1786 516 1844 mihi
539 1788 610 1844 illud
637 1788 781 1863 Scipionis
808 1788 892 1858 illius,
912 1786 962 1862 qui

185 1883 231 1940 Ti.
259 1883 423 1940 Gracchum
448 1882 585 1958 perculit:
619 1902 685 1940 cum
710 1883 737 1939 ei
764 1882 805 1940 M.
826 1883 960 1956 Flaccus,

184 1980 280 2037 multis
312 1979 423 2055 probris
456 1978 585 2054 objectis,
614 1978 645 2036 P.
673 1978 803 2036 Mucium
834 1980 962 2055 judicem

185 2077 303 2149 tulisset,
319 2075 462 2152 “Ejer0,’'
484 2075 592 2154 inquit:
624 2074 767 2149 “iniquus
787 2077 872 2132 est:''
894 2093 961 2132 cum

185 2182 259 2229 esset
273 2173 522 2242 admurmuratum,
538 2171 653 2227 “Ant”
669 2170 769 2245 inquit,
785 2177 802 2203 “
812 2170 844 2228 P.
856 2170 890 2227 C.
905 2190 961 2228 non

139 2273 170 2323 20
185 2286 239 2344 ego
253 2267 416 2325 mihieillum
437 2267 567 2341 iniquum
586 2267 672 2343 ejero,
687 2284 784 2324 verum
799 2267 959 2323 omnibus.'’

149 2391 152 2398 ⁴
224 2364 272 2421 Ab
299 2363 355 2420 hoc
386 2380 452 2419 vero
484 2362 601 2419 Crasso·
620 2361 692 2419 nihil
725 2361 862 2420 facetius:
895 2380 962 2418 cum

185 2460 304 2518 lesisset
330 2459 410 2516 testis
436 2458 513 2515 Silus
536 2458 679 2528 Pisonem,
700 2458 776 2532 quod
796 2477 826 2515 se
847 2458 877 2515 in
897 2476 962 2514 eum

188 2555 299 2615 audisse
319 2555 450 2624 dixisset3
479 2554 605 2610 “Potest
630 2553 719 2623 lieri,''
741 2553 842 2628 inquit,
863 2560 881 2586 ‘⁶
892 2553 962 2624 Sile,

187 2662 218 2710 ut
244 2653 278 2723 is,
305 2651 381 2707 unde
405 2660 436 2708 te
463 2649 575 2707 audisse
606 2648 689 2720 dicis,
716 2649 804 2706 iratus
832 2649 960 2706 dixerit.”

141 2763 172 2812 25
186 2748 299 2805 Annuit
319 2747 404 2804 Silus.
446 2746 569 2803 “Potest
590 2744 685 2817 etiarn,
705 2754 737 2801 ut
756 2755 787 2802 tu
806 2764 864 2803 non
884 2758 963 2802 recte

97 2904 101 2912 ,
187 2841 386 2901 intellexeris.”
427 2839 462 2898 Id
482 2857 595 2914 quoque
614 2849 675 2896 toto
695 2839 789 2915 capite
809 2840 918 2910 annuit,
931 2850 963 2897 ut

188 2958 218 2997 se
238 2938 343 2995 Crasso
362 2937 450 2996 deret.
490 2935 617 2992 “Potest
639 2935 724 2992 etiam
750 2933 840 3006 fieri,''
856 2935 961 3010 inquit,

187 3041 248 3092 “ut
274 3031 402 3105 omuino,
422 3031 496 3108 quod
522 3041 552 3096 te
578 3029 691 3090 audisse
714 3027 798 3102 dicis,
818 3048 963 3106 uunquam
