2184 3575
126 317 169 380 m
449 329 493 376 nn
513 327 677 376 onaronn.
875 327 955 388 [nn.

1074 200 1082 291 ἐ

1080 302 1090 347 i

166 473 245 534 ,riam
266 474 422 552 imaginum
441 477 578 553 pondere,
592 486 622 534 et
640 475 789 534 obscurari
807 474 895 534 etiam
914 475 970 563 id,
1086 462 1090 475 ’

174 571 250 648 qued
263 590 313 648 per
327 589 358 630 se
371 581 472 630 natura
486 583 585 630 tenere
603 572 751 648 potuisset.
791 572 861 630 Vidi
878 572 955 630 enim

173 685 229 744 ego
244 687 370 730 nummos
390 667 527 740 homines,
542 678 572 725 et
584 668 682 728 divinia
700 686 787 744 prope
807 668 955 740 memorii,

173 763 298 822 Athonis
330 763 531 842 Charmadam,
561 765 591 822 in
624 764 698 822 Asis
731 764 830 842 (qoem
862 764 957 822 vivere

144 860 259 919 rhodie
288 859 381 938 aiunt)
416 859 568 935 Scepsium
600 859 808 935 Metrodorum,
834 879 955 935 quorum

175 965 304 1030 uterque,
324 965 460 1031 tanquam
486 955 577 1028 literis
599 955 629 1013 in
650 956 728 1027 ceri,
748 955 791 1014 sic
811 955 956 1040 seuiebat

174 1049 346 1127 imaginibus
377 1050 407 1108 in
438 1050 474 1110 iis
508 1051 591 1121 locis,
620 1070 692 1126 quos
727 1050 853 1122 haberet,
893 1071 955 1126 que

173 1145 344 1204 meminisse
359 1145 453 1218 vellet,
473 1146 659 1222 perscribere.
702 1145 804 1208 Quare
829 1146 884 1204 hac
909 1165 956 1204 ex·

173 1241 343 1308 ercitetione
359 1261 433 1302 'non
459 1243 587 1300 eruenda
619 1241 757 1300 memoria
782 1252 835 1313 est,
862 1242 887 1299 si
912 1252 956 1300 est

130 1347 161 1398 10
173 1337 253 1396 nulla
278 1338 431 1410 naturalis;
466 1338 517 1396 sed
551 1349 640 1411 certe,
665 1337 691 1404 ai
723 1337 802 1410 latet,
836 1356 956 1396 evocan-

173 1431 211 1493 da
227 1443 281 1492 est.

213 1529 335 1588 Habetin
371 1547 531 1588 sermonem
566 1530 641 1587 bene
672 1529 789 1608 longum
823 1529 954 1602 bominis,

172 1625 283 1686 utinam
297 1645 354 1684 aon
368 1625 540 1702 impudentis
548 1646 556 1695 3
578 1625 648 1683 illud
666 1625 780 1700 quidem
795 1636 882 1697 certe,
896 1645 955 1684 non

171 1721 262 1780 nimie
287 1721 457 1792 verecundi;
483 1721 532 1797 qui
557 1721 682 1796 quidem,
702 1731 762 1778 tum
782 1731 821 1794 te,
841 1721 954 1794 Catule,

130 1831 162 1883 15
174 1827 234 1887 tum
249 1818 335 1877 etiam
349 1817 382 1875 L.
397 1817 501 1875 Crasso
521 1817 665 1889 audiente,
679 1818 715 1876 dc
735 1818 852 1875 dicendi
871 1819 955 1877 ratio-

174 1932 213 1973 ne
224 1923 282 1971 tem
296 1913 385 1971 multa
397 1912 534 1983 dixerim3
555 1932 622 1970 nam
635 1912 755 1970 istorum
775 1924 842 1971 aetas
862 1914 956 1973 minue

163 2013 220 2068 ‘me
240 2008 358 2067 sortasse
378 2027 492 2066 movere
512 2009 620 2067 debuit.
660 2010 719 2066 Sed
738 2009 808 2067 milri
827 2011 956 2086 ignosce·

172 2104 211 2163 tis
229 2105 371 2181 prolecto,
389 2104 414 2163 si
434 2105 530 2177 modo,
550 2124 613 2180 qnae
640 2124 727 2164 causa
751 2125 798 2163 me
825 2106 860 2163 ad
881 2106 955 2163 hanc

173 2201 316 2261 insolitam
342 2201 412 2261 milri
435 2201 638 2277 loquacitatem
661 2202 814 2279 impulerit,
839 2221 956 2278 accepe-

129 2297 244 2358 mritis.

212 2487 384 2549 LXXXIX.
416 2488 479 2547 Nos
492 2508 570 2564 vero,
585 2457 677 2566 inquit
689 2447 819 2562 Catulus,
834 2488 955 2566 (etenim
992 2550 1003 2558 ,

172 2600 226 2661 pro
245 2604 292 2643 me
311 2585 377 2659 lace,
390 2595 421 2643 et
436 2602 490 2661 pre
509 2606 575 2645 meo
595 2587 691 2657 fratre,
709 2586 882 2665 respondeo)
896 2603 955 2644 non

174 2681 260 2739 modo
273 2681 326 2741 tibi
339 2681 525 2759 ignoscimus,
536 2682 587 2739 sed
600 2691 629 2739 te
642 2681 797 2758 diligimus,
812 2700 956 2757 magnam·

173 2796 230 2853 que
242 2777 296 2835 tibi
310 2772 448 2837 habemus
463 2778 599 2855 gratiam3
620 2788 729 2842 etcum
750 2778 955 2847 humanitatem

119 2880 204 2935 flet
216 2873 382 2933 facilitatem
403 2873 585 2951 agnoscimus
604 2883 692 2945 tuam,
705 2884 767 2933 tum
783 2874 956 2935 admiramur

174 2968 257 3029 mam
277 2968 426 3029 micatiam
440 2978 469 3027 et
482 2968 604 3043 copiam.
644 2969 786 3045 Equidem
799 2969 886 3029 ctiam
898 2970 956 3029 boc

173 3081 222 3127 ne
241 3073 405 3125 assecutam
427 3073 507 3143 puto,
530 3064 607 3139 quod
630 3082 741 3143 magno,
759 3084 823 3128 mm
845 3066 954 3127 levem
