2184 3575
122 349 213 410 am]
401 351 445 398 ua
466 347 628 397 onerosa.
888 337 945 397 163

151 499 168 526 “
177 498 260 554 Quam
270 496 349 560 lepide
360 496 438 559 lexeis
447 500 595 561 composta!
611 503 641 546 ut
651 497 779 546 tesserula
788 509 875 545 omna·

177 576 270 640 [Eudo]
283 577 433 640 pavimento,
443 584 515 642 atque
526 577 672 626 emblemate
683 576 869 627 vermiculato.”

121 710 283 773 Quacum
307 711 423 769 dixisset
444 711 473 769 in
493 711 648 773 Albucium
675 711 807 784 illudens,
826 730 864 768 ne
885 731 902 769 a

122 825 168 865 me
181 807 295 883 quidem
310 807 462 865 abstinuit:

151 939 293 988 “Crassum
305 938 382 986 habeo
393 953 521 1002 generum,
531 952 564 986 ne
578 937 759 1006 rhetoricotero’
771 944 799 986 tu
809 939 868 986 sis.’'
915 931 930 980 5

119 1074 201 1137 Quid
215 1075 304 1150 ergo'l
325 1073 378 1130 iste
398 1073 528 1144 Crassus,
542 1073 675 1148 quoniam
695 1073 756 1148 ejus
777 1073 901 1131 abuteris

120 1171 247 1241 nomine,
267 1169 335 1246 quid
355 1169 461 1226 efficitl
481 1169 556 1227 idem
577 1169 647 1226 illud
666 1169 787 1241 scilicet,
801 1179 833 1227 ut
852 1169 901 1227 ille

121 1266 220 1338 voluit,
241 1275 270 1323 et
296 1283 351 1342 ego
378 1265 489 1337 vellem,
513 1265 615 1322 melius
642 1265 796 1339 aliquanto,
816 1283 901 1339 quarn

122 1361 280 1418 Albucius:
308 1379 404 1418 verum
429 1360 458 1418 in
487 1379 532 1418 me
558 1360 674 1434 quidem
699 1360 766 1417 lusit
792 1360 850 1430 ille,
869 1369 902 1418 ut

121 1457 202 1514 solet.
244 1456 301 1514 Sed
312 1466 459 1514 esttamen
471 1456 533 1512 haro
546 1454 698 1513 collocatio
709 1455 903 1513 conservanda
915 1470 947 1518 lo

122 1553 280 1624 verborum,
292 1552 328 1608 de
341 1553 397 1626 quis
410 1551 520 1626 loquor,
531 1570 593 1626 quae
604 1551 732 1626 junctam
744 1551 902 1609 orationem

122 1647 219 1718 efficit,
233 1666 295 1721 quas
315 1647 513 1716 oohaerentem,
528 1664 591 1719 quae
610 1646 714 1716 lenem,
728 1664 790 1720 qum
810 1665 901 1722 requa-

122 1743 215 1801 biliter
229 1742 372 1801 fluentem.
412 1742 445 1799 Id
461 1741 660 1817 assequemini,
674 1741 698 1799 si
711 1742 797 1800 rerba
811 1752 902 1800 extre-

120 1859 169 1898 ma
182 1858 247 1897 cum
262 1838 502 1914 consequentibus
514 1838 614 1913 primis
627 1837 667 1895 ita
676 1838 812 1915 jungetis,
823 1848 856 1897 ut
864 1856 903 1897 ne
987 1872 991 1899 ι

122 1955 220 2012 aspere
234 1947 417 2006 concurrant,
431 1952 502 1993 neve
516 1934 621 1992 vastius
635 1934 815 1993 diducautur.
916 1949 947 2000 15

161 2126 268 2185 XLIV.
290 2127 376 2184 Hanc
399 2125 576 2201 diligentiam
598 2124 779 2199 subsequitur
800 2128 903 2183 modus

122 2224 209 2282 etiarn
229 2232 258 2280 et
278 2222 367 2280 forma
385 2221 545 2292 verborum,
562 2220 647 2295 quod,
664 2220 724 2295 jam
743 2238 851 2291 vereor,
864 2238 903 2277 ue
975 2248 981 2257 ·

123 2320 191 2378 huic
205 2318 309 2376 Catulo
322 2317 450 2374 videatur
463 2334 526 2373 esse
541 2315 658 2391 puerile.
698 2316 806 2374 Versus
825 2316 903 2373 euim

123 2426 231 2473 veteres
251 2413 292 2471 illi
312 2413 341 2470 in
362 2413 416 2469 lrac
430 2411 523 2469 soluta
542 2410 669 2469 oratione
687 2411 901 2487 propemodum,

122 2516 178 2571 hoc
198 2521 250 2582 est,
269 2528 402 2567 numeros
422 2508 569 2584 quosdam,
583 2508 667 2565 uobis
686 2524 748 2564 esse
769 2507 902 2565 adhiberi·
915 2514 947 2565 ω

124 2610 175 2666 dos
195 2615 372 2684 putaverunt.
413 2604 655 2680 interspirationis
674 2604 761 2673 enim,
777 2622 835 2667 non
856 2604 904 2661 de·

124 2703 298 2781 fatigationis
318 2711 429 2773 uostrae,
443 2718 535 2775 neque
556 2700 734 2757 librariorum
754 2700 838 2770 notis,
851 2699 903 2757 sed

124 2802 272 2857 verborum
299 2808 328 2855 et
354 2796 558 2855 sententiarum
586 2796 682 2866 modo,
708 2795 902 2870 interpunctas

125 2895 265 2952 clausulas
285 2894 315 2951 in
335 2892 511 2949 orationibus
538 2910 600 2948 essa
624 2891 789 2949 voluerunt:
816 2891 902 2965 idque

123 2990 256 3064 princeps
271 2988 411 3047 Isocrates
431 2986 586 3044 instituisse
606 2986 693 3044 fertur
702 3006 709 3055 ;
731 2997 762 3043 ut
775 2986 902 3044 incondi·
914 3000 947 3046 25

124 3097 182 3145 tam
203 3084 382 3159 antiquorum
402 3082 517 3143 dicendi
543 3082 790 3155 consuetudinem,
810 3082 903 3141 deleo·
