<?xml version="1.0" encoding="UTF-8"?>
<!DOCTYPE html PUBLIC "-//W3C//DTD XHTML 1.0 Transitional//EN"
    "http://www.w3.org/TR/xhtml1/DTD/xhtml1-transitional.dtd">
<html xmlns="http://www.w3.org/1999/xhtml" xml:lang="en" lang="en">
 <head>
  <title>
</title>
<meta http-equiv="Content-Type" content="text/html;charset=utf-8" />
  <meta name='ocr-system' content='tesseract 3.04.00' />
  <meta name='ocr-capabilities' content='ocr_page ocr_carea ocr_par ocr_line ocrx_word'/>
</head>
<body>
  <div class='ocr_page' id='page_1' title='image "./mtciceronisadqu02dillgoog_0123.png"; bbox 0 0 2184 3575; ppageno 0'>
   <div class='ocr_carea' id='block_1_1' title="bbox 125 333 955 405">
    <p class='ocr_par' dir='ltr' id='par_1_1' title="bbox 125 333 955 405">
     <span class='ocr_line' id='line_1_1' title="bbox 125 333 955 405; baseline 0.005 -15"><span class='ocrx_word' id='word_1_1' title='bbox 125 343 217 405; x_wconf 75' lang='lat' dir='ltr'>ans]</span> <span class='ocrx_word' id='word_1_2' title='bbox 406 344 449 394; x_wconf 82' lang='lat' dir='ltr'>oa</span> <span class='ocrx_word' id='word_1_3' title='bbox 470 344 634 392; x_wconf 79' lang='lat' dir='ltr'>onaronn</span> <span class='ocrx_word' id='word_1_4' title='bbox 898 333 955 394; x_wconf 84' lang='lat'>117</span> 
     </span>
    </p>
   </div>
   <div class='ocr_carea' id='block_1_2' title="bbox 122 489 992 3055">
    <p class='ocr_par' dir='ltr' id='par_1_2' title="bbox 123 489 954 1526">
     <span class='ocr_line' id='line_1_2' title="bbox 124 489 909 572; baseline 0.001 -21"><span class='ocrx_word' id='word_1_5' title='bbox 124 502 153 568; x_wconf 82' lang='lat' dir='ltr'>te</span> <span class='ocrx_word' id='word_1_6' title='bbox 166 511 278 570; x_wconf 85' lang='lat' dir='ltr'>semper</span> <span class='ocrx_word' id='word_1_7' title='bbox 297 493 385 554; x_wconf 87' lang='lat' dir='ltr'>etiam</span> <span class='ocrx_word' id='word_1_8' title='bbox 403 494 514 572; x_wconf 86' lang='lat' dir='ltr'>potiora</span> <span class='ocrx_word' id='word_1_9' title='bbox 533 494 658 566; x_wconf 85' lang='lat' dir='ltr'>duxisse,</span> <span class='ocrx_word' id='word_1_10' title='bbox 671 511 738 569; x_wconf 75' lang='lat' dir='ltr'>que</span> <span class='ocrx_word' id='word_1_11' title='bbox 749 491 786 552; x_wconf 88' lang='lat' dir='ltr'>ad</span> <span class='ocrx_word' id='word_1_12' title='bbox 797 489 909 568; x_wconf 75' lang='lat' dir='ltr'>sepien-</span> 
     </span>
     <span class='ocr_line' id='line_1_3' title="bbox 124 587 908 667; baseline -0.004 -19"><span class='ocrx_word' id='word_1_13' title='bbox 124 591 194 648; x_wconf 89' lang='lat' dir='ltr'>tiam</span> <span class='ocrx_word' id='word_1_14' title='bbox 227 601 398 666; x_wconf 85' lang='lat' dir='ltr'>speetarent,</span> <span class='ocrx_word' id='word_1_15' title='bbox 426 602 511 667; x_wconf 87' lang='lat' dir='ltr'>atque</span> <span class='ocrx_word' id='word_1_16' title='bbox 538 609 575 648; x_wconf 85' lang='lat' dir='ltr'>ex</span> <span class='ocrx_word' id='word_1_17' title='bbox 606 591 652 648; x_wconf 90' lang='lat' dir='ltr'>his</span> <span class='ocrx_word' id='word_1_18' title='bbox 667 644 670 659; x_wconf 77' lang='grc'><em>,</em></span> <span class='ocrx_word' id='word_1_19' title='bbox 683 590 760 648; x_wconf 82' lang='lat' dir='ltr'>hane</span> <span class='ocrx_word' id='word_1_20' title='bbox 791 587 908 648; x_wconf 85' lang='lat' dir='ltr'>dioendi</span> 
     </span>
     <span class='ocr_line' id='line_1_4' title="bbox 125 685 909 763; baseline -0.005 -17"><span class='ocrx_word' id='word_1_21' title='bbox 125 687 237 763; x_wconf 75' lang='lat' dir='ltr'>copiam</span> <span class='ocrx_word' id='word_1_22' title='bbox 252 687 374 746; x_wconf 81' lang='lat' dir='ltr'>fluxisse.</span> <span class='ocrx_word' id='word_1_23' title='bbox 416 688 474 746; x_wconf 86' lang='lat' dir='ltr'>Sed</span> <span class='ocrx_word' id='word_1_24' title='bbox 488 698 594 759; x_wconf 87' lang='lat' dir='ltr'>tamen,</span> <span class='ocrx_word' id='word_1_25' title='bbox 608 706 674 746; x_wconf 85' lang='lat' dir='ltr'>eum</span> <span class='ocrx_word' id='word_1_26' title='bbox 689 704 790 747; x_wconf 88' lang='lat' dir='ltr'>omnes</span> <span class='ocrx_word' id='word_1_27' title='bbox 802 685 909 762; x_wconf 78' lang='lat' dir='ltr'>gradus</span> 
     </span>
     <span class='ocr_line' id='line_1_5' title="bbox 124 783 909 860; baseline -0.003 -18"><span class='ocrx_word' id='word_1_28' title='bbox 124 784 215 842; x_wconf 79' lang='lat' dir='ltr'>aetatis</span> <span class='ocrx_word' id='word_1_29' title='bbox 241 785 376 842; x_wconf 86' lang='lat' dir='ltr'>rseordor</span> <span class='ocrx_word' id='word_1_30' title='bbox 402 793 468 856; x_wconf 83' lang='lat' dir='ltr'>ture,</span> <span class='ocrx_word' id='word_1_31' title='bbox 496 803 619 860; x_wconf 86' lang='lat' dir='ltr'>eumque</span> <span class='ocrx_word' id='word_1_32' title='bbox 644 783 731 842; x_wconf 78' lang='lat' dir='ltr'>vitam</span> <span class='ocrx_word' id='word_1_33' title='bbox 762 793 841 840; x_wconf 85' lang='lat' dir='ltr'>tuam</span> <span class='ocrx_word' id='word_1_34' title='bbox 873 797 909 840; x_wconf 79' lang='lat' dir='ltr'>oo</span> 
     </span>
     <span class='ocr_line' id='line_1_6' title="bbox 124 877 939 956; baseline -0.004 -20"><span class='ocrx_word' id='word_1_35' title='bbox 124 880 219 940; x_wconf 82' lang='lat' dir='ltr'>studia</span> <span class='ocrx_word' id='word_1_36' title='bbox 238 881 404 951; x_wconf 87' lang='lat' dir='ltr'>oonsidero;</span> <span class='ocrx_word' id='word_1_37' title='bbox 425 898 527 956; x_wconf 88' lang='lat' dir='ltr'>neque,</span> <span class='ocrx_word' id='word_1_38' title='bbox 542 899 600 955; x_wconf 90' lang='lat' dir='ltr'>qno</span> <span class='ocrx_word' id='word_1_39' title='bbox 618 890 746 955; x_wconf 88' lang='lat' dir='ltr'>tempore</span> <span class='ocrx_word' id='word_1_40' title='bbox 765 878 821 936; x_wconf 86' lang='lat' dir='ltr'>ista</span> <span class='ocrx_word' id='word_1_41' title='bbox 836 877 939 936; x_wconf 62' lang='lat' dir='ltr'>diaes</span> 
     </span>
     <span class='ocr_line' id='line_1_7' title="bbox 123 973 908 1052; baseline -0.004 -18"><span class='ocrx_word' id='word_1_42' title='bbox 123 976 207 1048; x_wconf 77' lang='lat' dir='ltr'>esais,</span> <span class='ocrx_word' id='word_1_43' title='bbox 235 977 328 1049; x_wconf 86' lang='lat' dir='ltr'>rideo,</span> <span class='ocrx_word' id='word_1_44' title='bbox 356 993 411 1034; x_wconf 85' lang='lat' dir='ltr'>nee</span> <span class='ocrx_word' id='word_1_45' title='bbox 437 994 611 1052; x_wconf 79' lang='lat' dir='ltr'>magnopere</span> <span class='ocrx_word' id='word_1_46' title='bbox 643 986 672 1034; x_wconf 86' lang='lat' dir='ltr'>te</span> <span class='ocrx_word' id='word_1_47' title='bbox 704 975 767 1033; x_wconf 87' lang='lat' dir='ltr'>istis</span> <span class='ocrx_word' id='word_1_48' title='bbox 794 973 908 1046; x_wconf 85' lang='lat' dir='ltr'>studiis,</span> 
     </span>
     <span class='ocr_line' id='line_1_8' title="bbox 123 1071 908 1148; baseline -0.004 -18"><span class='ocrx_word' id='word_1_49' title='bbox 123 1071 296 1143; x_wconf 84' lang='lat' dir='ltr'>horninibus,</span> <span class='ocrx_word' id='word_1_50' title='bbox 316 1071 406 1143; x_wconf 85' lang='lat' dir='ltr'>libris,</span> <span class='ocrx_word' id='word_1_51' title='bbox 427 1072 558 1148; x_wconf 80' lang='lat' dir='ltr'>intelligo</span> <span class='ocrx_word' id='word_1_52' title='bbox 583 1071 727 1142; x_wconf 81' lang='lat' dir='ltr'>deditum3</span> <span class='ocrx_word' id='word_1_53' title='bbox 755 1089 847 1146; x_wconf 81' lang='lat' dir='ltr'>usqne</span> <span class='ocrx_word' id='word_1_54' title='bbox 866 1079 908 1128; x_wconf 88' lang='lat' dir='ltr'>ta·</span> 
     </span>
     <span class='ocr_line' id='line_1_9' title="bbox 123 1163 906 1242; baseline 0 -20"><span class='ocrx_word' id='word_1_55' title='bbox 123 1184 189 1222; x_wconf 90' lang='lat' dir='ltr'>men</span> <span class='ocrx_word' id='word_1_56' title='bbox 202 1183 318 1241; x_wconf 87' lang='lat' dir='ltr'>possum</span> <span class='ocrx_word' id='word_1_57' title='bbox 332 1175 465 1236; x_wconf 79' lang='lat' dir='ltr'><strong>statuere,</strong></span> <span class='ocrx_word' id='word_1_58' title='bbox 479 1174 573 1223; x_wconf 87' lang='lat' dir='ltr'>utrum</span> <span class='ocrx_word' id='word_1_59' title='bbox 592 1165 684 1242; x_wconf 82' lang='lat' dir='ltr'>magis</span> <span class='ocrx_word' id='word_1_60' title='bbox 696 1165 792 1236; x_wconf 85' lang='lat' dir='ltr'>mirer,</span> <span class='ocrx_word' id='word_1_61' title='bbox 805 1175 835 1222; x_wconf 86' lang='lat' dir='ltr'>te</span> <span class='ocrx_word' id='word_1_62' title='bbox 848 1163 906 1235; x_wconf 83' lang='lat' dir='ltr'>illa,</span> 
     </span>
     <span class='ocr_line' id='line_1_10' title="bbox 124 1257 906 1335; baseline 0 -21"><span class='ocrx_word' id='word_1_63' title='bbox 124 1277 190 1333; x_wconf 77' lang='lat' dir='ltr'>quae</span> <span class='ocrx_word' id='word_1_64' title='bbox 212 1257 283 1314; x_wconf 87' lang='lat' dir='ltr'>mihi</span> <span class='ocrx_word' id='word_1_65' title='bbox 308 1259 463 1335; x_wconf 80' lang='lat' dir='ltr'>persuades</span> <span class='ocrx_word' id='word_1_66' title='bbox 494 1258 619 1317; x_wconf 83' lang='lat' dir='ltr'>maxima</span> <span class='ocrx_word' id='word_1_67' title='bbox 644 1277 707 1317; x_wconf 89' lang='lat' dir='ltr'>esse</span> <span class='ocrx_word' id='word_1_68' title='bbox 734 1259 906 1335; x_wconf 86' lang='lat' dir='ltr'>adjumenta,</span> 
     </span>
     <span class='ocr_line' id='line_1_11' title="bbox 123 1345 954 1430; baseline 0.002 -20"><span class='ocrx_word' id='word_1_69' title='bbox 123 1353 250 1429; x_wconf 89' lang='lat' dir='ltr'>potuisse</span> <span class='ocrx_word' id='word_1_70' title='bbox 264 1345 364 1413; x_wconf 85' lang='lat' dir='ltr'>intuis</span> <span class='ocrx_word' id='word_1_71' title='bbox 378 1353 465 1413; x_wconf 88' lang='lat' dir='ltr'>tantis</span> <span class='ocrx_word' id='word_1_72' title='bbox 478 1354 716 1430; x_wconf 86' lang='lat' dir='ltr'>oeeupntionibns</span> <span class='ocrx_word' id='word_1_73' title='bbox 728 1354 906 1430; x_wconf 72' lang='lat' dir='ltr'>perdiscer03</span> <span class='ocrx_word' id='word_1_74' title='bbox 922 1361 954 1412; x_wconf 82' lang='lat'>10</span> 
     </span>
     <span class='ocr_line' id='line_1_12' title="bbox 125 1449 815 1526; baseline 0 -18"><span class='ocrx_word' id='word_1_75' title='bbox 125 1467 171 1521; x_wconf 84' lang='lat' dir='ltr'>an,</span> <span class='ocrx_word' id='word_1_76' title='bbox 185 1449 209 1508; x_wconf 86' lang='lat' dir='ltr'>si</span> <span class='ocrx_word' id='word_1_77' title='bbox 224 1468 282 1506; x_wconf 90' lang='lat' dir='ltr'>non</span> <span class='ocrx_word' id='word_1_78' title='bbox 295 1449 431 1525; x_wconf 88' lang='lat' dir='ltr'>potueris,</span> <span class='ocrx_word' id='word_1_79' title='bbox 445 1468 528 1526; x_wconf 90' lang='lat' dir='ltr'>posse</span> <span class='ocrx_word' id='word_1_80' title='bbox 541 1450 597 1507; x_wconf 89' lang='lat' dir='ltr'>isto</span> <span class='ocrx_word' id='word_1_81' title='bbox 611 1449 696 1507; x_wconf 81' lang='lat' dir='ltr'>modo</span> <span class='ocrx_word' id='word_1_82' title='bbox 709 1449 815 1508; x_wconf 79' lang='lat' dir='ltr'>didere.</span> 
     </span>
    </p>

    <p class='ocr_par' dir='ltr' id='par_1_3' title="bbox 122 1544 992 3055">
     <span class='ocr_line' id='line_1_13' title="bbox 163 1544 908 1621; baseline -0.003 -17"><span class='ocrx_word' id='word_1_83' title='bbox 163 1545 223 1604; x_wconf 84' lang='lat' dir='ltr'>Hie</span> <span class='ocrx_word' id='word_1_84' title='bbox 237 1546 367 1618; x_wconf 78' lang='lat' dir='ltr'>Crassus,</span> <span class='ocrx_word' id='word_1_85' title='bbox 382 1545 449 1604; x_wconf 88' lang='lat' dir='ltr'>Hoo</span> <span class='ocrx_word' id='word_1_86' title='bbox 462 1546 525 1618; x_wconf 91' lang='lat' dir='ltr'>tibi,</span> <span class='ocrx_word' id='word_1_87' title='bbox 539 1546 642 1621; x_wconf 89' lang='lat' dir='ltr'>inquit,</span> <span class='ocrx_word' id='word_1_88' title='bbox 656 1544 770 1617; x_wconf 82' lang='lat' dir='ltr'><strong>Catule,</strong></span> <span class='ocrx_word' id='word_1_89' title='bbox 783 1545 908 1621; x_wconf 88' lang='lat' dir='ltr'>primunr</span> 
     </span>
     <span class='ocr_line' id='line_1_14' title="bbox 123 1640 907 1718; baseline 0 -20"><span class='ocrx_word' id='word_1_90' title='bbox 123 1642 295 1718; x_wconf 82' lang='lat' dir='ltr'>persuadeas</span> <span class='ocrx_word' id='word_1_91' title='bbox 315 1642 408 1714; x_wconf 88' lang='lat' dir='ltr'>velim,</span> <span class='ocrx_word' id='word_1_92' title='bbox 429 1661 475 1700; x_wconf 89' lang='lat' dir='ltr'>me</span> <span class='ocrx_word' id='word_1_93' title='bbox 495 1661 554 1700; x_wconf 91' lang='lat' dir='ltr'>non</span> <span class='ocrx_word' id='word_1_94' title='bbox 575 1641 665 1700; x_wconf 84' lang='lat' dir='ltr'>multo</span> <span class='ocrx_word' id='word_1_95' title='bbox 691 1659 775 1698; x_wconf 88' lang='lat' dir='ltr'>seeus</span> <span class='ocrx_word' id='word_1_96' title='bbox 801 1640 907 1712; x_wconf 78' lang='lat' dir='ltr'>facere,</span> 
     </span>
     <span class='ocr_line' id='line_1_15' title="bbox 122 1736 908 1815; baseline -0.003 -18"><span class='ocrx_word' id='word_1_97' title='bbox 122 1757 189 1797; x_wconf 83' lang='lat' dir='ltr'>oum</span> <span class='ocrx_word' id='word_1_98' title='bbox 210 1739 246 1797; x_wconf 89' lang='lat' dir='ltr'>de</span> <span class='ocrx_word' id='word_1_99' title='bbox 266 1748 376 1797; x_wconf 84' lang='lat' dir='ltr'>oratore</span> <span class='ocrx_word' id='word_1_100' title='bbox 397 1738 550 1815; x_wconf 86' lang='lat' dir='ltr'>disputem,</span> <span class='ocrx_word' id='word_1_101' title='bbox 570 1756 606 1798; x_wconf 80' lang='lat' dir='ltr'>ae</span> <span class='ocrx_word' id='word_1_102' title='bbox 626 1737 761 1810; x_wconf 77' lang='lat' dir='ltr'>facerem,</span> <span class='ocrx_word' id='word_1_103' title='bbox 781 1736 806 1797; x_wconf 87' lang='lat' dir='ltr'>si</span> <span class='ocrx_word' id='word_1_104' title='bbox 832 1746 908 1797; x_wconf 85' lang='lat' dir='ltr'>esset</span> 
     </span>
     <span class='ocr_line' id='line_1_16' title="bbox 123 1834 954 1911; baseline 0.002 -17"><span class='ocrx_word' id='word_1_105' title='bbox 123 1835 195 1894; x_wconf 91' lang='lat' dir='ltr'>mihi</span> <span class='ocrx_word' id='word_1_106' title='bbox 217 1835 254 1893; x_wconf 92' lang='lat' dir='ltr'>de</span> <span class='ocrx_word' id='word_1_107' title='bbox 277 1835 415 1893; x_wconf 76' lang='lat' dir='ltr'>histrione</span> <span class='ocrx_word' id='word_1_108' title='bbox 439 1835 603 1895; x_wconf 81' lang='lat' dir='ltr'>dicendum.</span> <span class='ocrx_word' id='word_1_109' title='bbox 648 1834 795 1911; x_wconf 76' lang='lat' dir='ltr'>Negarem</span> <span class='ocrx_word' id='word_1_110' title='bbox 817 1834 906 1906; x_wconf 85' lang='lat' dir='ltr'>enim,</span> <span class='ocrx_word' id='word_1_111' title='bbox 921 1843 954 1895; x_wconf 78' lang='lat'>1⁶</span> 
     </span>
     <span class='ocr_line' id='line_1_17' title="bbox 122 1930 992 2009; baseline 0.001 -21"><span class='ocrx_word' id='word_1_112' title='bbox 122 1950 205 2007; x_wconf 89' lang='lat' dir='ltr'>posse</span> <span class='ocrx_word' id='word_1_113' title='bbox 224 1950 290 1989; x_wconf 88' lang='lat' dir='ltr'>eum</span> <span class='ocrx_word' id='word_1_114' title='bbox 310 1932 474 1991; x_wconf 80' lang='lat' dir='ltr'>satisfacere</span> <span class='ocrx_word' id='word_1_115' title='bbox 494 1932 523 1990; x_wconf 91' lang='lat' dir='ltr'>in</span> <span class='ocrx_word' id='word_1_116' title='bbox 543 1941 637 2009; x_wconf 79' lang='lat' dir='ltr'>gestu,</span> <span class='ocrx_word' id='word_1_117' title='bbox 656 1931 713 1989; x_wconf 88' lang='lat' dir='ltr'>nisi</span> <span class='ocrx_word' id='word_1_118' title='bbox 735 1930 906 2007; x_wconf 75' lang='lat' dir='ltr'>palaestram,</span> <span class='ocrx_word' id='word_1_119' title='bbox 987 1932 992 1950; x_wconf 83' lang='lat'><strong><em>¹</em></strong></span> 
     </span>
     <span class='ocr_line' id='line_1_18' title="bbox 123 2026 907 2102; baseline -0.004 -17"><span class='ocrx_word' id='word_1_120' title='bbox 123 2027 179 2085; x_wconf 85' lang='lat' dir='ltr'>nisi</span> <span class='ocrx_word' id='word_1_121' title='bbox 199 2028 302 2087; x_wconf 87' lang='lat' dir='ltr'>saltare</span> <span class='ocrx_word' id='word_1_122' title='bbox 322 2028 485 2085; x_wconf 80' lang='lat' dir='ltr'>didicisset:</span> <span class='ocrx_word' id='word_1_123' title='bbox 506 2046 610 2102; x_wconf 87' lang='lat' dir='ltr'>neque,</span> <span class='ocrx_word' id='word_1_124' title='bbox 628 2044 750 2090; x_wconf 25' lang='lat' dir='ltr'>eaxeum</span> <span class='ocrx_word' id='word_1_125' title='bbox 770 2026 907 2098; x_wconf 73' lang='lat' dir='ltr'>distarem,</span> 
     </span>
     <span class='ocr_line' id='line_1_19' title="bbox 123 2119 909 2191; baseline -0.003 -12"><span class='ocrx_word' id='word_1_126' title='bbox 123 2139 171 2179; x_wconf 85' lang='lat' dir='ltr'>me</span> <span class='ocrx_word' id='word_1_127' title='bbox 190 2138 252 2179; x_wconf 88' lang='lat' dir='ltr'>esse</span> <span class='ocrx_word' id='word_1_128' title='bbox 273 2120 440 2177; x_wconf 86' lang='lat' dir='ltr'>histrionem</span> <span class='ocrx_word' id='word_1_129' title='bbox 467 2139 586 2179; x_wconf 87' lang='lat' dir='ltr'>neeesse</span> <span class='ocrx_word' id='word_1_130' title='bbox 612 2130 697 2191; x_wconf 87' lang='lat' dir='ltr'>esset,</span> <span class='ocrx_word' id='word_1_131' title='bbox 717 2120 768 2177; x_wconf 86' lang='lat' dir='ltr'>sed</span> <span class='ocrx_word' id='word_1_132' title='bbox 788 2119 909 2178; x_wconf 86' lang='lat' dir='ltr'>sortasse</span> 
     </span>
     <span class='ocr_line' id='line_1_20' title="bbox 125 2211 909 2279; baseline -0.003 -6"><span class='ocrx_word' id='word_1_133' title='bbox 125 2232 182 2273; x_wconf 91' lang='lat' dir='ltr'>non</span> <span class='ocrx_word' id='word_1_134' title='bbox 196 2213 312 2272; x_wconf 88' lang='lat' dir='ltr'>stultum</span> <span class='ocrx_word' id='word_1_135' title='bbox 328 2212 413 2271; x_wconf 86' lang='lat' dir='ltr'>alieni</span> <span class='ocrx_word' id='word_1_136' title='bbox 428 2212 540 2279; x_wconf 78' lang='lat' dir='ltr'>artificii</span> <span class='ocrx_word' id='word_1_137' title='bbox 554 2211 783 2274; x_wconf 84' lang='lat' dir='ltr'>existimatorem.</span> <span class='ocrx_word' id='word_1_138' title='bbox 824 2211 909 2271; x_wconf 80' lang='lat' dir='ltr'>Sitai·</span> 
     </span>
     <span class='ocr_line' id='line_1_21' title="bbox 124 2305 955 2381; baseline 0 -16"><span class='ocrx_word' id='word_1_139' title='bbox 124 2306 189 2365; x_wconf 89' lang='lat' dir='ltr'>liter</span> <span class='ocrx_word' id='word_1_140' title='bbox 215 2324 293 2363; x_wconf 89' lang='lat' dir='ltr'>nune</span> <span class='ocrx_word' id='word_1_141' title='bbox 317 2306 354 2363; x_wconf 90' lang='lat' dir='ltr'>de</span> <span class='ocrx_word' id='word_1_142' title='bbox 380 2315 502 2377; x_wconf 88' lang='lat' dir='ltr'>oratore,</span> <span class='ocrx_word' id='word_1_143' title='bbox 523 2316 617 2363; x_wconf 82' lang='lat' dir='ltr'>vestro</span> <span class='ocrx_word' id='word_1_144' title='bbox 644 2306 777 2381; x_wconf 88' lang='lat' dir='ltr'>impulsu,</span> <span class='ocrx_word' id='word_1_145' title='bbox 797 2305 907 2381; x_wconf 85' lang='lat' dir='ltr'>loquor,</span> <span class='ocrx_word' id='word_1_146' title='bbox 922 2313 955 2365; x_wconf 76' lang='lat'>2⁰</span> 
     </span>
     <span class='ocr_line' id='line_1_22' title="bbox 125 2400 909 2477; baseline -0.001 -17"><span class='ocrx_word' id='word_1_147' title='bbox 125 2420 235 2461; x_wconf 87' lang='lat' dir='ltr'>summo</span> <span class='ocrx_word' id='word_1_148' title='bbox 261 2400 388 2459; x_wconf 78' lang='lat' dir='ltr'>seilicet:</span> <span class='ocrx_word' id='word_1_149' title='bbox 416 2419 527 2476; x_wconf 87' lang='lat' dir='ltr'>semper</span> <span class='ocrx_word' id='word_1_150' title='bbox 553 2400 641 2473; x_wconf 87' lang='lat' dir='ltr'>enim,</span> <span class='ocrx_word' id='word_1_151' title='bbox 666 2402 846 2477; x_wconf 70' lang='lat' dir='ltr'>qudcumque</span> <span class='ocrx_word' id='word_1_152' title='bbox 872 2402 909 2460; x_wconf 90' lang='lat' dir='ltr'>de</span> 
     </span>
     <span class='ocr_line' id='line_1_23' title="bbox 126 2494 909 2573; baseline -0.001 -17"><span class='ocrx_word' id='word_1_153' title='bbox 126 2509 185 2557; x_wconf 88' lang='lat' dir='ltr'>arte</span> <span class='ocrx_word' id='word_1_154' title='bbox 199 2506 248 2556; x_wconf 89' lang='lat' dir='ltr'>aut</span> <span class='ocrx_word' id='word_1_155' title='bbox 262 2494 397 2555; x_wconf 73' lang='lat' dir='ltr'>facultate</span> <span class='ocrx_word' id='word_1_156' title='bbox 410 2496 554 2573; x_wconf 74' lang='lat' dir='ltr'>queritur,</span> <span class='ocrx_word' id='word_1_157' title='bbox 566 2496 603 2554; x_wconf 90' lang='lat' dir='ltr'>de</span> <span class='ocrx_word' id='word_1_158' title='bbox 616 2497 747 2555; x_wconf 64' lang='lat' dir='ltr'>absolute</span> <span class='ocrx_word' id='word_1_159' title='bbox 759 2508 789 2555; x_wconf 92' lang='lat' dir='ltr'>et</span> <span class='ocrx_word' id='word_1_160' title='bbox 800 2498 909 2572; x_wconf 75' lang='lat' dir='ltr'>perded-</span> 
     </span>
     <span class='ocr_line' id='line_1_24' title="bbox 124 2592 909 2671; baseline -0.003 -18"><span class='ocrx_word' id='word_1_161' title='bbox 124 2594 154 2653; x_wconf 83' lang='lat' dir='ltr'>tt</span> <span class='ocrx_word' id='word_1_162' title='bbox 175 2593 263 2671; x_wconf 82' lang='lat' dir='ltr'>quoeri</span> <span class='ocrx_word' id='word_1_163' title='bbox 284 2593 364 2653; x_wconf 82' lang='lat' dir='ltr'>solet</span> <span class='ocrx_word' id='word_1_164' title='bbox 414 2593 526 2665; x_wconf 81' lang='lat' dir='ltr'>Quare,</span> <span class='ocrx_word' id='word_1_165' title='bbox 546 2592 572 2651; x_wconf 87' lang='lat' dir='ltr'>si</span> <span class='ocrx_word' id='word_1_166' title='bbox 589 2592 648 2669; x_wconf 80' lang='lat' dir='ltr'>jam</span> <span class='ocrx_word' id='word_1_167' title='bbox 668 2593 820 2651; x_wconf 74' lang='lat' dir='ltr'>metuitis</span> <span class='ocrx_word' id='word_1_168' title='bbox 844 2612 909 2651; x_wconf 85' lang='lat' dir='ltr'>esre</span> 
     </span>
     <span class='ocr_line' id='line_1_25' title="bbox 125 2688 908 2767; baseline 0.001 -20"><span class='ocrx_word' id='word_1_169' title='bbox 125 2700 276 2762; x_wconf 88' lang='lat' dir='ltr'>oratorem,</span> <span class='ocrx_word' id='word_1_170' title='bbox 291 2689 315 2747; x_wconf 92' lang='lat' dir='ltr'>si</span> <span class='ocrx_word' id='word_1_171' title='bbox 329 2689 414 2749; x_wconf 88' lang='lat' dir='ltr'>etiam</span> <span class='ocrx_word' id='word_1_172' title='bbox 428 2699 472 2749; x_wconf 88' lang='lat' dir='ltr'>sat</span> <span class='ocrx_word' id='word_1_173' title='bbox 485 2688 603 2761; x_wconf 88' lang='lat' dir='ltr'>bonnm,</span> <span class='ocrx_word' id='word_1_174' title='bbox 614 2689 639 2747; x_wconf 90' lang='lat' dir='ltr'>si</span> <span class='ocrx_word' id='word_1_175' title='bbox 652 2689 759 2747; x_wconf 85' lang='lat' dir='ltr'>bonum</span> <span class='ocrx_word' id='word_1_176' title='bbox 775 2689 908 2767; x_wconf 83' lang='lat' dir='ltr'>denique,</span> 
     </span>
     <span class='ocr_line' id='line_1_26' title="bbox 125 2784 955 2862; baseline 0.002 -19"><span class='ocrx_word' id='word_1_177' title='bbox 125 2804 184 2843; x_wconf 91' lang='lat' dir='ltr'>non</span> <span class='ocrx_word' id='word_1_178' title='bbox 203 2785 386 2862; x_wconf 78' lang='lat' dir='ltr'>repugnabo:</span> <span class='ocrx_word' id='word_1_179' title='bbox 414 2784 483 2861; x_wconf 89' lang='lat' dir='ltr'>quid</span> <span class='ocrx_word' id='word_1_180' title='bbox 502 2784 579 2843; x_wconf 86' lang='lat' dir='ltr'>enim</span> <span class='ocrx_word' id='word_1_181' title='bbox 599 2804 678 2843; x_wconf 84' lang='lat' dir='ltr'>nune</span> <span class='ocrx_word' id='word_1_182' title='bbox 701 2786 755 2843; x_wconf 83' lang='lat' dir='ltr'>sim</span> <span class='ocrx_word' id='word_1_183' title='bbox 775 2784 908 2861; x_wconf 61' lang='lat' dir='ltr'>ineptus?</span> <span class='ocrx_word' id='word_1_184' title='bbox 922 2795 955 2846; x_wconf 66' lang='lat'><strong>5</strong></span> 
     </span>
     <span class='ocr_line' id='line_1_27' title="bbox 126 2879 909 2953; baseline 0.003 -14"><span class='ocrx_word' id='word_1_185' title='bbox 126 2879 167 2939; x_wconf 89' lang='lat' dir='ltr'>ita</span> <span class='ocrx_word' id='word_1_186' title='bbox 179 2899 224 2937; x_wconf 87' lang='lat' dir='ltr'>ms</span> <span class='ocrx_word' id='word_1_187' title='bbox 238 2880 394 2939; x_wconf 83' lang='lat' dir='ltr'>existimari</span> <span class='ocrx_word' id='word_1_188' title='bbox 407 2879 476 2939; x_wconf 85' lang='lat' dir='ltr'>seio.</span> <span class='ocrx_word' id='word_1_189' title='bbox 516 2880 607 2944; x_wconf 80' lang='lat' dir='ltr'>Quod</span> <span class='ocrx_word' id='word_1_190' title='bbox 620 2880 645 2939; x_wconf 89' lang='lat' dir='ltr'>si</span> <span class='ocrx_word' id='word_1_191' title='bbox 658 2880 699 2941; x_wconf 88' lang='lat' dir='ltr'>ita</span> <span class='ocrx_word' id='word_1_192' title='bbox 713 2890 767 2953; x_wconf 85' lang='lat' dir='ltr'>est,</span> <span class='ocrx_word' id='word_1_193' title='bbox 781 2899 909 2941; x_wconf 81' lang='lat' dir='ltr'>summus</span> 
     </span>
     <span class='ocr_line' id='line_1_28' title="bbox 126 2976 909 3055; baseline 0.001 -20"><span class='ocrx_word' id='word_1_194' title='bbox 126 2985 222 3037; x_wconf 86' lang='lat' dir='ltr'>tamen</span> <span class='ocrx_word' id='word_1_195' title='bbox 241 2987 320 3037; x_wconf 87' lang='lat' dir='ltr'>eerte</span> <span class='ocrx_word' id='word_1_196' title='bbox 339 2994 397 3035; x_wconf 92' lang='lat' dir='ltr'>non</span> <span class='ocrx_word' id='word_1_197' title='bbox 411 2994 483 3035; x_wconf 89' lang='lat' dir='ltr'>sum.</span> <span class='ocrx_word' id='word_1_198' title='bbox 523 2976 628 3053; x_wconf 88' lang='lat' dir='ltr'>Neque</span> <span class='ocrx_word' id='word_1_199' title='bbox 640 2976 718 3036; x_wconf 86' lang='lat' dir='ltr'>enim</span> <span class='ocrx_word' id='word_1_200' title='bbox 731 2976 806 3055; x_wconf 88' lang='lat' dir='ltr'>apud</span> <span class='ocrx_word' id='word_1_201' title='bbox 819 2976 909 3037; x_wconf 66' lang='lat' dir='ltr'>homi</span> 
     </span>
    </p>
   </div>
   <div class='ocr_carea' id='block_1_3' title="bbox 0 0 1098 3575">
    <p class='ocr_par' dir='ltr' id='par_1_4' title="bbox 0 0 1098 3575">
     <span class='ocr_line' id='line_1_29' title="bbox 0 0 1098 3575; baseline 0 0"><span class='ocrx_word' id='word_1_202' title='bbox 0 0 1098 3575; x_wconf 95' lang='lat' dir='ltr'> </span> 
     </span>
    </p>
   </div>
  </div>
 </body>
</html>
