2184 3575
130 283 186 344 158
449 295 492 343 ui:
516 294 679 343 ouuuonu.
870 297 908 355 [u.
918 297 968 342 nr.

174 444 203 502 hi
218 455 275 504 tres
289 446 370 506 heroi
383 447 471 524 pedes
489 449 519 506 in
540 448 683 526 principia
703 445 967 505 continuandorum

174 545 324 602 verborum
340 545 408 602 satis
422 545 527 601 decore
541 545 657 602 eadunt.

214 641 355 700 Probatur
371 653 465 699 autem
481 643 632 698 abeodem
651 641 701 698 illo
720 641 844 698 inarime
863 660 967 718 paeon3

175 738 224 813 qui
238 749 281 796 est
294 739 406 815 duplex.
448 738 477 795 N
481 757 524 796 arn
547 747 596 796 aut
616 757 633 795 a
651 738 738 815 longai
759 738 858 809 oritur,
877 757 968 812 quam

143 839 160 888 ὅ
174 845 232 892 tres
246 835 345 892 breves
360 845 585 910 consequuntur,
596 847 628 894 ut
639 836 702 892 haeo
712 836 808 906 verba,
820 835 967 905 Desinite,

173 932 306 1007 Incipite,
330 931 526 1008 Comprimiter
555 943 603 989 aut
626 951 642 989 a
664 932 798 989 brevibus
826 931 969 1006 deinceps

173 1027 275 1099 tribus,
296 1028 422 1086 extrema
442 1029 593 1104 producta,
610 1039 693 1103 atque
713 1029 811 1105 longai,
826 1028 902 1085 sicut
916 1028 970 1085 illa

175 1133 251 1195 sunt,
266 1123 453 1196 Homerum,
468 1125 628 1200 Sonipedes.
670 1125 767 1200 Atque
781 1124 821 1181 illi
840 1123 969 1199 philoso-

174 1220 232 1296 pho
252 1221 342 1278 ordiri
362 1222 456 1296 placet
478 1239 494 1277 a
514 1221 659 1296 superiore
680 1239 790 1296 parone,
808 1220 969 1296 posteriore

130 1327 161 1375 10
175 1317 265 1375 finire.
307 1317 360 1375 Est
376 1327 469 1376 autem
483 1335 567 1392 paeon
582 1317 630 1374 hio
645 1317 795 1393 posterior,
809 1335 868 1373 uon
883 1317 969 1391 sylla-

175 1415 275 1472 barum
295 1431 426 1487 numero,
448 1414 498 1471 sed
520 1413 630 1471 aurium
652 1414 788 1470 mensurii
811 1412 901 1489 (quod
922 1421 970 1468 est

176 1512 271 1569 aerius
288 1511 429 1586 judioium
445 1521 473 1568 et
487 1511 619 1589 eortius),
633 1529 684 1585 par
701 1510 761 1566 fere
781 1510 900 1580 cretico,
916 1509 968 1583 qui

175 1618 219 1664 est
232 1627 267 1665 ex
280 1605 368 1684 longit
382 1617 411 1663 et
425 1606 502 1663 brevi
517 1616 546 1663 et
560 1606 664 1682 longia:
686 1616 717 1662 ut

206 1758 221 1784 ‘⁴
231 1755 299 1813 Quid
310 1760 392 1819 petum
404 1753 520 1818 proeuidii,
531 1760 575 1803 out
585 1758 722 1818 exsequar?
739 1771 819 1819 quove
830 1771 898 1804 nune
906 1758 916 1803 ἓ
923 1755 938 1775 ”

130 1906 161 1955 15
177 1909 263 1965 aquo
284 1902 404 1950 numero
425 1909 543 1947 exorsus
564 1899 607 1947 eat
625 1890 763 1962 Fannius,
779 1897 798 1923 ‘⁴
808 1892 850 1964 si,
864 1892 968 1953 Quiri-

176 1999 228 2061 tes,
243 1988 336 2045 ruinas
356 1987 461 2045 illius.”
503 1986 593 2045 Huno
607 1987 655 2043 ille
669 1988 805 2045 clausulis
826 1989 966 2063 aptiorem

175 2096 266 2163 putat,
281 2104 350 2162 quas
369 2085 428 2143 vult
447 2084 535 2161 longi
556 2085 721 2160 plerumque
741 2084 849 2159 syllabi
869 2086 967 2142 termi-

175 2202 246 2242 nan.

214 2378 353 2437 XLVIII.
385 2377 490 2452 Neque
503 2395 570 2434 vero
591 2377 653 2433 haeo
673 2386 730 2433 tam
753 2394 847 2433 aorem
864 2394 965 2433 ouram

129 2491 161 2540 20
176 2473 411 2551 diligentiamque
431 2474 604 2543 desiderant,
625 2490 711 2545 quam
734 2482 778 2529 est
799 2472 847 2528 illa
865 2476 964 2548 poeta-

175 2589 254 2641 rum;
284 2590 355 2646 quos
381 2570 538 2628 necessitas
563 2568 652 2644 eogit,
672 2578 702 2624 et
723 2568 775 2644 ipsi
795 2568 908 2625 numeri
930 2586 965 2625 ao

175 2667 264 2739 modi,
279 2667 321 2725 sio
342 2668 428 2724 verba
447 2685 529 2723 versu
552 2664 710 2736 includere,
726 2674 757 2721 ut
775 2664 846 2722 nihil
866 2665 911 2736 sit,
926 2684 965 2722 ne

175 2764 274 2840 spiritu
289 2764 403 2839 quidem
419 2764 546 2833 minimo,
562 2761 676 2818 brevius
691 2771 739 2819 aut
752 2761 866 2838 longius
879 2780 964 2837 quam

175 2878 294 2917 neeesse
322 2871 372 2917 est.
414 2859 544 2917 Liberior
569 2868 612 2915 est
638 2858 742 2931 oratio,
765 2866 794 2914 et
814 2858 910 2933 plane,
931 2867 964 2915 ut

130 2960 162 3009 25
176 2956 291 3027 dieitur,
319 2955 362 3011 uio
388 2965 418 3012 et
440 2964 484 3011 est
506 2973 574 3011 vere
596 2955 709 3018 soluta,-
734 2972 793 3010 uon
817 2964 850 3011 ut
872 2955 965 3031 firgiat

177 3064 283 3125 tamen,
298 3060 346 3108 aut
360 3036 450 3123 erret,
465 3050 515 3109 sed
536 3061 577 3124 ut,
598 3050 661 3109 niue
680 3049 813 3123 vinculis,
826 3049 882 3108 eibi
903 3050 967 3128 ipsa
