<?xml version="1.0" encoding="UTF-8"?>
<!DOCTYPE html PUBLIC "-//W3C//DTD XHTML 1.0 Transitional//EN"
    "http://www.w3.org/TR/xhtml1/DTD/xhtml1-transitional.dtd">
<html xmlns="http://www.w3.org/1999/xhtml" xml:lang="en" lang="en">
 <head>
  <title>
</title>
<meta http-equiv="Content-Type" content="text/html;charset=utf-8" />
  <meta name='ocr-system' content='tesseract 3.04.00' />
  <meta name='ocr-capabilities' content='ocr_page ocr_carea ocr_par ocr_line ocrx_word'/>
</head>
<body>
  <div class='ocr_page' id='page_1' title='image "./mtciceronisadqu02dillgoog_0051.png"; bbox 0 0 2184 3575; ppageno 0'>
   <div class='ocr_carea' id='block_1_1' title="bbox 120 333 946 407">
    <p class='ocr_par' dir='ltr' id='par_1_1' title="bbox 120 333 946 407">
     <span class='ocr_line' id='line_1_1' title="bbox 120 333 946 407; baseline 0 -13"><span class='ocrx_word' id='word_1_1' title='bbox 120 346 201 407; x_wconf 73' lang='lat' dir='ltr'><strong>um]</strong></span> <span class='ocrx_word' id='word_1_2' title='bbox 400 348 445 395; x_wconf 83' lang='lat' dir='ltr'><strong>un</strong></span> <span class='ocrx_word' id='word_1_3' title='bbox 463 348 628 395; x_wconf 76' lang='lat' dir='ltr'><strong>omxona.</strong></span> <span class='ocrx_word' id='word_1_4' title='bbox 866 348 869 352; x_wconf 91' lang='lat'>·</span> <span class='ocrx_word' id='word_1_5' title='bbox 906 333 946 394; x_wconf 74' lang='grc'><strong>45</strong></span> 
     </span>
    </p>
   </div>
   <div class='ocr_carea' id='block_1_2' title="bbox 116 491 945 1430">
    <p class='ocr_par' dir='ltr' id='par_1_2' title="bbox 116 491 945 1430">
     <span class='ocr_line' id='line_1_2' title="bbox 117 491 900 574; baseline -0.005 -21"><span class='ocrx_word' id='word_1_6' title='bbox 117 514 178 553; x_wconf 87' lang='lat' dir='ltr'><strong>non</strong></span> <span class='ocrx_word' id='word_1_7' title='bbox 199 496 293 555; x_wconf 86' lang='lat' dir='ltr'><strong>videri</strong></span> <span class='ocrx_word' id='word_1_8' title='bbox 304 496 464 574; x_wconf 72' lang='lat' dir='ltr'><strong>intelligere</strong></span> <span class='ocrx_word' id='word_1_9' title='bbox 483 497 560 573; x_wconf 91' lang='lat' dir='ltr'><strong>quod</strong></span> <span class='ocrx_word' id='word_1_10' title='bbox 580 494 732 572; x_wconf 77' lang='lat' dir='ltr'><strong>intelligas,</strong></span> <span class='ocrx_word' id='word_1_11' title='bbox 751 502 785 551; x_wconf 92' lang='lat' dir='ltr'><strong>ut</strong></span> <span class='ocrx_word' id='word_1_12' title='bbox 802 491 900 553; x_wconf 81' lang='lat' dir='ltr'><strong>Ponti·</strong></span> 
     </span>
     <span class='ocr_line' id='line_1_3' title="bbox 119 590 899 667; baseline -0.005 -19"><span class='ocrx_word' id='word_1_13' title='bbox 119 592 196 663; x_wconf 86' lang='lat' dir='ltr'><strong>dius,</strong></span> <span class='ocrx_word' id='word_1_14' title='bbox 211 593 363 654; x_wconf 82' lang='lat' dir='ltr'><strong>“Qualem</strong></span> <span class='ocrx_word' id='word_1_15' title='bbox 376 594 529 664; x_wconf 79' lang='lat' dir='ltr'>existimas,</span> <span class='ocrx_word' id='word_1_16' title='bbox 543 594 592 667; x_wconf 90' lang='lat' dir='ltr'><strong>qui</strong></span> <span class='ocrx_word' id='word_1_17' title='bbox 607 594 637 649; x_wconf 59' lang='lat' dir='ltr'><strong>§a</strong></span> <span class='ocrx_word' id='word_1_18' title='bbox 651 590 789 649; x_wconf 85' lang='lat' dir='ltr'><strong>adulterio</strong></span> <span class='ocrx_word' id='word_1_19' title='bbox 802 591 899 664; x_wconf 78' lang='lat' dir='ltr'><strong>depre-</strong></span> 
     </span>
     <span class='ocr_line' id='line_1_4' title="bbox 120 685 899 764; baseline -0.003 -21"><span class='ocrx_word' id='word_1_20' title='bbox 120 686 296 745; x_wconf 79' lang='lat' dir='ltr'><strong>hendituri’&#39;</strong></span> <span class='ocrx_word' id='word_1_21' title='bbox 346 688 541 749; x_wconf 60' lang='lat' dir='ltr'><strong>“Tardum&#39;’</strong></span> <span class='ocrx_word' id='word_1_22' title='bbox 570 698 603 745; x_wconf 96' lang='lat' dir='ltr'><strong>ut</strong></span> <span class='ocrx_word' id='word_1_23' title='bbox 628 706 693 764; x_wconf 81' lang='lat' dir='ltr'><strong>ego,</strong></span> <span class='ocrx_word' id='word_1_24' title='bbox 720 686 769 761; x_wconf 89' lang='lat' dir='ltr'><strong>qui</strong></span> <span class='ocrx_word' id='word_1_25' title='bbox 796 685 825 742; x_wconf 91' lang='lat' dir='ltr'><strong>in</strong></span> <span class='ocrx_word' id='word_1_26' title='bbox 852 685 899 742; x_wconf 85' lang='lat' dir='ltr'><strong>de-</strong></span> 
     </span>
     <span class='ocr_line' id='line_1_5' title="bbox 119 782 899 855; baseline -0.003 -16"><span class='ocrx_word' id='word_1_27' title='bbox 119 782 206 855; x_wconf 83' lang='lat' dir='ltr'><strong>lecta,</strong></span> <span class='ocrx_word' id='word_1_28' title='bbox 233 782 361 855; x_wconf 86' lang='lat' dir='ltr'><strong>Metello,</strong></span> <span class='ocrx_word' id='word_1_29' title='bbox 382 803 448 842; x_wconf 88' lang='lat' dir='ltr'><strong>cum</strong></span> <span class='ocrx_word' id='word_1_30' title='bbox 475 784 688 845; x_wconf 78' lang='lat' dir='ltr'><strong>excusationem</strong></span> <span class='ocrx_word' id='word_1_31' title='bbox 714 783 899 841; x_wconf 84' lang='lat' dir='ltr'><strong>oculoruma</strong></span> 
     </span>
     <span class='ocr_line' id='line_1_6' title="bbox 119 877 931 955; baseline -0.004 -20"><span class='ocrx_word' id='word_1_32' title='bbox 119 897 166 936; x_wconf 83' lang='lat' dir='ltr'><strong>me</strong></span> <span class='ocrx_word' id='word_1_33' title='bbox 186 898 243 937; x_wconf 90' lang='lat' dir='ltr'><strong>non</strong></span> <span class='ocrx_word' id='word_1_34' title='bbox 264 881 416 955; x_wconf 84' lang='lat' dir='ltr'><strong>acciperet,</strong></span> <span class='ocrx_word' id='word_1_35' title='bbox 437 890 465 937; x_wconf 80' lang='lat' dir='ltr'><strong>et</strong></span> <span class='ocrx_word' id='word_1_36' title='bbox 485 880 612 951; x_wconf 79' lang='lat' dir='ltr'><strong>dixisset,</strong></span> <span class='ocrx_word' id='word_1_37' title='bbox 627 879 702 936; x_wconf 88' lang='lat' dir='ltr'><strong>“Tu</strong></span> <span class='ocrx_word' id='word_1_38' title='bbox 723 879 809 955; x_wconf 85' lang='lat' dir='ltr'><strong>igitur</strong></span> <span class='ocrx_word' id='word_1_39' title='bbox 827 877 931 935; x_wconf 86' lang='lat' dir='ltr'><strong>nihil5</strong></span> 
     </span>
     <span class='ocr_line' id='line_1_7' title="bbox 118 973 899 1053; baseline 0 -24"><span class='ocrx_word' id='word_1_40' title='bbox 118 974 239 1032; x_wconf 77' lang='lat' dir='ltr'><strong>videsi&#39;’</strong></span> <span class='ocrx_word' id='word_1_41' title='bbox 282 976 374 1053; x_wconf 87' lang='lat' dir='ltr'><strong>“Ego</strong></span> <span class='ocrx_word' id='word_1_42' title='bbox 394 977 489 1047; x_wconf 84' lang='lat' dir='ltr'><strong>vero‚&#39;’</strong></span> <span class='ocrx_word' id='word_1_43' title='bbox 506 975 630 1051; x_wconf 89' lang='lat' dir='ltr'><strong>inquam,</strong></span> <span class='ocrx_word' id='word_1_44' title='bbox 645 981 663 1009; x_wconf 90' lang='lat'><strong>“</strong></span> <span class='ocrx_word' id='word_1_45' title='bbox 674 994 690 1033; x_wconf 90' lang='lat' dir='ltr'><strong>a</strong></span> <span class='ocrx_word' id='word_1_46' title='bbox 701 975 783 1050; x_wconf 73' lang='lat' dir='ltr'><strong>porti</strong></span> <span class='ocrx_word' id='word_1_47' title='bbox 796 973 899 1048; x_wconf 88' lang='lat' dir='ltr'><strong>Esqui-</strong></span> 
     </span>
     <span class='ocr_line' id='line_1_8' title="bbox 116 1069 897 1144; baseline -0.003 -17"><span class='ocrx_word' id='word_1_48' title='bbox 116 1069 178 1127; x_wconf 73' lang='lat' dir='ltr'><strong>lint</strong></span> <span class='ocrx_word' id='word_1_49' title='bbox 199 1071 283 1129; x_wconf 88' lang='lat' dir='ltr'><strong>video</strong></span> <span class='ocrx_word' id='word_1_50' title='bbox 303 1072 397 1128; x_wconf 84' lang='lat' dir='ltr'><strong>villam</strong></span> <span class='ocrx_word' id='word_1_51' title='bbox 419 1073 537 1128; x_wconf 89' lang='lat' dir='ltr'><strong>tuam:&#39;’</strong></span> <span class='ocrx_word' id='word_1_52' title='bbox 566 1080 599 1127; x_wconf 91' lang='lat' dir='ltr'><strong>ut</strong></span> <span class='ocrx_word' id='word_1_53' title='bbox 620 1071 687 1128; x_wconf 87' lang='lat' dir='ltr'><strong>iilud</strong></span> <span class='ocrx_word' id='word_1_54' title='bbox 708 1070 833 1141; x_wconf 65' lang='lat' dir='ltr'><strong>Nasicae,</strong></span> <span class='ocrx_word' id='word_1_55' title='bbox 848 1069 897 1144; x_wconf 88' lang='lat' dir='ltr'><strong>qui</strong></span> 
     </span>
     <span class='ocr_line' id='line_1_9' title="bbox 116 1166 897 1241; baseline 0 -20"><span class='ocrx_word' id='word_1_56' title='bbox 116 1184 182 1221; x_wconf 93' lang='lat' dir='ltr'><strong>cum</strong></span> <span class='ocrx_word' id='word_1_57' title='bbox 203 1166 237 1223; x_wconf 91' lang='lat' dir='ltr'><strong>ad</strong></span> <span class='ocrx_word' id='word_1_58' title='bbox 255 1170 370 1241; x_wconf 65' lang='lat' dir='ltr'><strong>potitam</strong></span> <span class='ocrx_word' id='word_1_59' title='bbox 389 1166 513 1224; x_wconf 88' lang='lat' dir='ltr'><strong>Ennium</strong></span> <span class='ocrx_word' id='word_1_60' title='bbox 529 1166 660 1236; x_wconf 81' lang='lat' dir='ltr'><strong>venisset,</strong></span> <span class='ocrx_word' id='word_1_61' title='bbox 674 1166 758 1241; x_wconf 90' lang='lat' dir='ltr'><strong>eique</strong></span> <span class='ocrx_word' id='word_1_62' title='bbox 773 1166 808 1222; x_wconf 90' lang='lat' dir='ltr'><strong>ab</strong></span> <span class='ocrx_word' id='word_1_63' title='bbox 821 1167 897 1221; x_wconf 85' lang='lat' dir='ltr'><strong>ostio</strong></span> 
     </span>
     <span class='ocr_line' id='line_1_10' title="bbox 117 1260 897 1334; baseline -0.001 -17"><span class='ocrx_word' id='word_1_64' title='bbox 117 1261 255 1334; x_wconf 76' lang='lat' dir='ltr'><strong>quaerenti</strong></span> <span class='ocrx_word' id='word_1_65' title='bbox 282 1260 419 1329; x_wconf 88' lang='lat' dir='ltr'><strong>Ennium,</strong></span> <span class='ocrx_word' id='word_1_66' title='bbox 447 1260 550 1319; x_wconf 87' lang='lat' dir='ltr'><strong>ancilla</strong></span> <span class='ocrx_word' id='word_1_67' title='bbox 582 1261 708 1331; x_wconf 77' lang='lat' dir='ltr'>dixisset,</span> <span class='ocrx_word' id='word_1_68' title='bbox 734 1260 813 1316; x_wconf 90' lang='lat' dir='ltr'><strong>domi</strong></span> <span class='ocrx_word' id='word_1_69' title='bbox 839 1278 897 1317; x_wconf 91' lang='lat' dir='ltr'><strong>non</strong></span> 
     </span>
     <span class='ocr_line' id='line_1_11' title="bbox 117 1355 945 1430; baseline 0.005 -19"><span class='ocrx_word' id='word_1_70' title='bbox 117 1374 197 1423; x_wconf 79' lang='lat' dir='ltr'><strong>esse3</strong></span> <span class='ocrx_word' id='word_1_71' title='bbox 219 1355 328 1413; x_wconf 78' lang='lat' dir='ltr'>Nasica</span> <span class='ocrx_word' id='word_1_72' title='bbox 347 1355 444 1426; x_wconf 85' lang='lat' dir='ltr'><strong>sensit,</strong></span> <span class='ocrx_word' id='word_1_73' title='bbox 458 1356 536 1413; x_wconf 88' lang='lat' dir='ltr'><strong>illam</strong></span> <span class='ocrx_word' id='word_1_74' title='bbox 557 1355 665 1412; x_wconf 89' lang='lat' dir='ltr'><strong>domini</strong></span> <span class='ocrx_word' id='word_1_75' title='bbox 681 1356 763 1430; x_wconf 89' lang='lat' dir='ltr'><strong>jussu</strong></span> <span class='ocrx_word' id='word_1_76' title='bbox 782 1355 897 1426; x_wconf 84' lang='lat' dir='ltr'><strong>dixisse,</strong></span> <span class='ocrx_word' id='word_1_77' title='bbox 914 1366 945 1415; x_wconf 86' lang='lat'><strong>10</strong></span> 
     </span>
    </p>
   </div>
   <div class='ocr_carea' id='block_1_3' title="bbox 13 1450 898 1526">
    <p class='ocr_par' dir='ltr' id='par_1_3' title="bbox 13 1450 898 1526">
     <span class='ocr_line' id='line_1_12' title="bbox 13 1450 898 1526; baseline 0.005 -23"><span class='ocrx_word' id='word_1_78' title='bbox 13 1494 15 1503; x_wconf 18' lang='grc' dir='ltr'>χ</span> <span class='ocrx_word' id='word_1_79' title='bbox 118 1465 149 1507; x_wconf 85' lang='lat' dir='ltr'><strong>et</strong></span> <span class='ocrx_word' id='word_1_80' title='bbox 163 1450 242 1507; x_wconf 91' lang='lat' dir='ltr'><strong>illum</strong></span> <span class='ocrx_word' id='word_1_81' title='bbox 261 1450 337 1507; x_wconf 88' lang='lat' dir='ltr'><strong>intus</strong></span> <span class='ocrx_word' id='word_1_82' title='bbox 357 1469 435 1507; x_wconf 85' lang='lat' dir='ltr'><strong>esse:</strong></span> <span class='ocrx_word' id='word_1_83' title='bbox 455 1450 556 1526; x_wconf 82' lang='lat' dir='ltr'><strong>paucis</strong></span> <span class='ocrx_word' id='word_1_84' title='bbox 575 1460 639 1525; x_wconf 84' lang='lat' dir='ltr'><strong>post</strong></span> <span class='ocrx_word' id='word_1_85' title='bbox 658 1450 768 1520; x_wconf 91' lang='lat' dir='ltr'><strong>diebus,</strong></span> <span class='ocrx_word' id='word_1_86' title='bbox 782 1469 848 1507; x_wconf 90' lang='lat' dir='ltr'><strong>cum</strong></span> <span class='ocrx_word' id='word_1_87' title='bbox 863 1451 898 1507; x_wconf 88' lang='lat' dir='ltr'><strong>ad</strong></span> 
     </span>
    </p>
   </div>
   <div class='ocr_carea' id='block_1_4' title="bbox 116 1545 945 2872">
    <p class='ocr_par' dir='ltr' id='par_1_4' title="bbox 116 1545 945 2872">
     <span class='ocr_line' id='line_1_13' title="bbox 117 1545 899 1622; baseline -0.001 -18"><span class='ocrx_word' id='word_1_88' title='bbox 117 1546 256 1604; x_wconf 79' lang='lat' dir='ltr'><strong>Nasicam</strong></span> <span class='ocrx_word' id='word_1_89' title='bbox 276 1546 400 1603; x_wconf 87' lang='lat' dir='ltr'><strong>venisset</strong></span> <span class='ocrx_word' id='word_1_90' title='bbox 419 1546 540 1617; x_wconf 86' lang='lat' dir='ltr'><strong>Ennius,</strong></span> <span class='ocrx_word' id='word_1_91' title='bbox 554 1555 662 1603; x_wconf 83' lang='lat' dir='ltr'><strong>etcum</strong></span> <span class='ocrx_word' id='word_1_92' title='bbox 684 1564 700 1602; x_wconf 89' lang='lat' dir='ltr'><strong>a</strong></span> <span class='ocrx_word' id='word_1_93' title='bbox 716 1545 805 1622; x_wconf 73' lang='lat' dir='ltr'><strong>janui</strong></span> <span class='ocrx_word' id='word_1_94' title='bbox 817 1564 899 1620; x_wconf 18' lang='lat' dir='ltr'><strong>*qum-</strong></span> 
     </span>
     <span class='ocr_line' id='line_1_14' title="bbox 116 1641 897 1713; baseline -0.003 -14"><span class='ocrx_word' id='word_1_95' title='bbox 116 1653 202 1713; x_wconf 77' lang='lat' dir='ltr'><strong>rsxet‚</strong></span> <span class='ocrx_word' id='word_1_96' title='bbox 217 1642 358 1702; x_wconf 85' lang='lat' dir='ltr'><strong>exclamat</strong></span> <span class='ocrx_word' id='word_1_97' title='bbox 377 1641 541 1713; x_wconf 62' lang='lat' dir='ltr'><strong>Nasicase</strong></span> <span class='ocrx_word' id='word_1_98' title='bbox 560 1642 639 1699; x_wconf 93' lang='lat' dir='ltr'><strong>domi</strong></span> <span class='ocrx_word' id='word_1_99' title='bbox 658 1661 717 1699; x_wconf 92' lang='lat' dir='ltr'><strong>nou</strong></span> <span class='ocrx_word' id='word_1_100' title='bbox 737 1660 815 1699; x_wconf 84' lang='lat' dir='ltr'><strong>esse:</strong></span> <span class='ocrx_word' id='word_1_101' title='bbox 837 1651 897 1699; x_wconf 89' lang='lat' dir='ltr'><strong>tum</strong></span> 
     </span>
     <span class='ocr_line' id='line_1_15' title="bbox 118 1737 895 1818; baseline 0 -22"><span class='ocrx_word' id='word_1_102' title='bbox 118 1738 239 1810; x_wconf 88' lang='lat' dir='ltr'><strong>Ennius,</strong></span> <span class='ocrx_word' id='word_1_103' title='bbox 269 1737 396 1818; x_wconf 70' lang='lat' dir='ltr'><strong>“Ouidi</strong></span> <span class='ocrx_word' id='word_1_104' title='bbox 429 1757 484 1816; x_wconf 84' lang='lat' dir='ltr'><strong>ego</strong></span> <span class='ocrx_word' id='word_1_105' title='bbox 513 1756 571 1796; x_wconf 90' lang='lat' dir='ltr'><strong>non</strong></span> <span class='ocrx_word' id='word_1_106' title='bbox 596 1756 743 1816; x_wconf 76' lang='lat' dir='ltr'><strong>cognosco</strong></span> <span class='ocrx_word' id='word_1_107' title='bbox 768 1739 895 1810; x_wconf 82' lang='lat' dir='ltr'><strong>vocem,&#39;&#39;</strong></span> 
     </span>
     <span class='ocr_line' id='line_1_16' title="bbox 119 1834 945 1911; baseline 0.006 -20"><span class='ocrx_word' id='word_1_108' title='bbox 119 1835 220 1909; x_wconf 87' lang='lat' dir='ltr'><strong>inquit,</strong></span> <span class='ocrx_word' id='word_1_109' title='bbox 235 1841 253 1868; x_wconf 89' lang='lat'>“</span> <span class='ocrx_word' id='word_1_110' title='bbox 264 1846 340 1893; x_wconf 85' lang='lat' dir='ltr'><strong>tuam</strong></span> <span class='ocrx_word' id='word_1_111' title='bbox 349 1837 383 1892; x_wconf 78' lang='lat' dir='ltr'><strong>i&#39;&#39;</strong></span> <span class='ocrx_word' id='word_1_112' title='bbox 424 1835 483 1893; x_wconf 89' lang='lat' dir='ltr'><strong>Hic</strong></span> <span class='ocrx_word' id='word_1_113' title='bbox 494 1834 523 1891; x_wconf 95' lang='lat' dir='ltr'>N</span> <span class='ocrx_word' id='word_1_114' title='bbox 526 1835 613 1906; x_wconf 86' lang='lat' dir='ltr'><strong>asics,</strong></span> <span class='ocrx_word' id='word_1_115' title='bbox 624 1841 644 1868; x_wconf 80' lang='lat'><strong>‘⁶</strong></span> <span class='ocrx_word' id='word_1_116' title='bbox 654 1835 750 1892; x_wconf 87' lang='lat' dir='ltr'><strong>Homo</strong></span> <span class='ocrx_word' id='word_1_117' title='bbox 763 1853 796 1892; x_wconf 88' lang='lat' dir='ltr'><strong>es</strong></span> <span class='ocrx_word' id='word_1_118' title='bbox 809 1834 899 1911; x_wconf 87' lang='lat' dir='ltr'><strong>impu·</strong></span> <span class='ocrx_word' id='word_1_119' title='bbox 914 1847 945 1896; x_wconf 83' lang='lat'><strong>15</strong></span> 
     </span>
     <span class='ocr_line' id='line_1_17' title="bbox 119 1930 900 2008; baseline -0.001 -20"><span class='ocrx_word' id='word_1_120' title='bbox 119 1930 205 1988; x_wconf 87' lang='lat' dir='ltr'><strong>dens:</strong></span> <span class='ocrx_word' id='word_1_121' title='bbox 226 1950 279 2008; x_wconf 87' lang='lat' dir='ltr'><strong>ego</strong></span> <span class='ocrx_word' id='word_1_122' title='bbox 293 1949 359 1988; x_wconf 90' lang='lat' dir='ltr'><strong>cum</strong></span> <span class='ocrx_word' id='word_1_123' title='bbox 373 1940 402 1988; x_wconf 86' lang='lat' dir='ltr'><strong>te</strong></span> <span class='ocrx_word' id='word_1_124' title='bbox 421 1949 586 2007; x_wconf 78' lang='lat' dir='ltr'><strong>quaererem,</strong></span> <span class='ocrx_word' id='word_1_125' title='bbox 601 1931 710 1988; x_wconf 74' lang='lat' dir='ltr'><strong>ancillae</strong></span> <span class='ocrx_word' id='word_1_126' title='bbox 731 1941 787 1988; x_wconf 82' lang='lat' dir='ltr'><strong>tuae</strong></span> <span class='ocrx_word' id='word_1_127' title='bbox 809 1930 900 1988; x_wconf 85' lang='lat' dir='ltr'><strong>credi·</strong></span> 
     </span>
     <span class='ocr_line' id='line_1_18' title="bbox 119 2025 896 2102; baseline 0.003 -20"><span class='ocrx_word' id='word_1_128' title='bbox 119 2026 158 2098; x_wconf 93' lang='lat' dir='ltr'><strong>di,</strong></span> <span class='ocrx_word' id='word_1_129' title='bbox 179 2036 207 2083; x_wconf 83' lang='lat' dir='ltr'><strong>te</strong></span> <span class='ocrx_word' id='word_1_130' title='bbox 227 2026 304 2083; x_wconf 93' lang='lat' dir='ltr'><strong>domi</strong></span> <span class='ocrx_word' id='word_1_131' title='bbox 319 2045 377 2083; x_wconf 92' lang='lat' dir='ltr'><strong>non</strong></span> <span class='ocrx_word' id='word_1_132' title='bbox 393 2045 471 2084; x_wconf 89' lang='lat' dir='ltr'><strong>esse:</strong></span> <span class='ocrx_word' id='word_1_133' title='bbox 493 2035 524 2082; x_wconf 91' lang='lat' dir='ltr'><strong>tn</strong></span> <span class='ocrx_word' id='word_1_134' title='bbox 538 2025 608 2083; x_wconf 88' lang='lat' dir='ltr'><strong>mihi</strong></span> <span class='ocrx_word' id='word_1_135' title='bbox 621 2045 679 2084; x_wconf 89' lang='lat' dir='ltr'><strong>non</strong></span> <span class='ocrx_word' id='word_1_136' title='bbox 693 2026 787 2087; x_wconf 86' lang='lat' dir='ltr'><strong>credis</strong></span> <span class='ocrx_word' id='word_1_137' title='bbox 800 2026 896 2102; x_wconf 85' lang='lat' dir='ltr'><strong>ipsil&#39;’</strong></span> 
     </span>
     <span class='ocr_line' id='line_1_19' title="bbox 158 2122 897 2196; baseline 0 -18"><span class='ocrx_word' id='word_1_138' title='bbox 158 2123 210 2179; x_wconf 87' lang='lat' dir='ltr'><strong>Est</strong></span> <span class='ocrx_word' id='word_1_139' title='bbox 231 2122 337 2178; x_wconf 87' lang='lat' dir='ltr'><strong>bellum</strong></span> <span class='ocrx_word' id='word_1_140' title='bbox 357 2122 426 2178; x_wconf 91' lang='lat' dir='ltr'><strong>illud</strong></span> <span class='ocrx_word' id='word_1_141' title='bbox 447 2139 569 2196; x_wconf 87' lang='lat' dir='ltr'><strong>quoque,</strong></span> <span class='ocrx_word' id='word_1_142' title='bbox 583 2141 620 2179; x_wconf 85' lang='lat' dir='ltr'><strong>ex</strong></span> <span class='ocrx_word' id='word_1_143' title='bbox 635 2142 690 2196; x_wconf 92' lang='lat' dir='ltr'><strong>quo</strong></span> <span class='ocrx_word' id='word_1_144' title='bbox 704 2122 737 2192; x_wconf 89' lang='lat' dir='ltr'><strong>is,</strong></span> <span class='ocrx_word' id='word_1_145' title='bbox 751 2122 801 2196; x_wconf 89' lang='lat' dir='ltr'><strong>qui</strong></span> <span class='ocrx_word' id='word_1_146' title='bbox 817 2122 897 2193; x_wconf 85' lang='lat' dir='ltr'><strong>dixit,</strong></span> 
     </span>
     <span class='ocr_line' id='line_1_20' title="bbox 120 2216 898 2292; baseline -0.003 -18"><span class='ocrx_word' id='word_1_147' title='bbox 120 2216 252 2274; x_wconf 84' lang='lat' dir='ltr'><strong>irridetur</strong></span> <span class='ocrx_word' id='word_1_148' title='bbox 272 2217 303 2273; x_wconf 90' lang='lat' dir='ltr'><strong>in</strong></span> <span class='ocrx_word' id='word_1_149' title='bbox 323 2234 358 2273; x_wconf 87' lang='lat' dir='ltr'><strong>eo</strong></span> <span class='ocrx_word' id='word_1_150' title='bbox 379 2217 438 2290; x_wconf 92' lang='lat' dir='ltr'><strong>ipso</strong></span> <span class='ocrx_word' id='word_1_151' title='bbox 458 2235 573 2292; x_wconf 79' lang='lat' dir='ltr'><strong>genere,</strong></span> <span class='ocrx_word' id='word_1_152' title='bbox 592 2235 649 2291; x_wconf 93' lang='lat' dir='ltr'><strong>quo</strong></span> <span class='ocrx_word' id='word_1_153' title='bbox 669 2217 756 2274; x_wconf 80' lang='lat' dir='ltr'><strong>dixit:</strong></span> <span class='ocrx_word' id='word_1_154' title='bbox 777 2227 818 2287; x_wconf 90' lang='lat' dir='ltr'><strong>ut,</strong></span> <span class='ocrx_word' id='word_1_155' title='bbox 832 2235 898 2273; x_wconf 89' lang='lat' dir='ltr'><strong>cum</strong></span> 
     </span>
     <span class='ocr_line' id='line_1_21' title="bbox 118 2311 945 2388; baseline 0.001 -20"><span class='ocrx_word' id='word_1_156' title='bbox 118 2312 159 2374; x_wconf 79' lang='lat' dir='ltr'><strong>Q.</strong></span> <span class='ocrx_word' id='word_1_157' title='bbox 174 2311 305 2388; x_wconf 85' lang='lat' dir='ltr'><strong>Opimius</strong></span> <span class='ocrx_word' id='word_1_158' title='bbox 326 2311 492 2382; x_wconf 87' lang='lat' dir='ltr'><strong>consularis,</strong></span> <span class='ocrx_word' id='word_1_159' title='bbox 509 2311 558 2385; x_wconf 90' lang='lat' dir='ltr'><strong>qui</strong></span> <span class='ocrx_word' id='word_1_160' title='bbox 579 2311 806 2368; x_wconf 85' lang='lat' dir='ltr'><strong>adolescentulus</strong></span> <span class='ocrx_word' id='word_1_161' title='bbox 825 2312 898 2369; x_wconf 85' lang='lat' dir='ltr'><strong>maie</strong></span> <span class='ocrx_word' id='word_1_162' title='bbox 913 2323 945 2374; x_wconf 75' lang='lat'><strong>20</strong></span> 
     </span>
     <span class='ocr_line' id='line_1_22' title="bbox 120 2406 897 2482; baseline -0.003 -16"><span class='ocrx_word' id='word_1_163' title='bbox 120 2407 255 2479; x_wconf 84' lang='lat' dir='ltr'><strong>audisset,</strong></span> <span class='ocrx_word' id='word_1_164' title='bbox 283 2406 383 2465; x_wconf 88' lang='lat' dir='ltr'><strong>festivo</strong></span> <span class='ocrx_word' id='word_1_165' title='bbox 412 2407 519 2464; x_wconf 89' lang='lat' dir='ltr'><strong>homini</strong></span> <span class='ocrx_word' id='word_1_166' title='bbox 552 2406 655 2482; x_wconf 86' lang='lat' dir='ltr'><strong>Egilio,</strong></span> <span class='ocrx_word' id='word_1_167' title='bbox 683 2407 730 2481; x_wconf 88' lang='lat' dir='ltr'><strong>qui</strong></span> <span class='ocrx_word' id='word_1_168' title='bbox 758 2408 897 2465; x_wconf 87' lang='lat' dir='ltr'><strong>videretur</strong></span> 
     </span>
     <span class='ocr_line' id='line_1_23' title="bbox 119 2503 899 2580; baseline 0 -18"><span class='ocrx_word' id='word_1_169' title='bbox 119 2505 240 2575; x_wconf 84' lang='lat' dir='ltr'><strong>mollior,</strong></span> <span class='ocrx_word' id='word_1_170' title='bbox 264 2523 319 2562; x_wconf 88' lang='lat' dir='ltr'><strong>nec</strong></span> <span class='ocrx_word' id='word_1_171' title='bbox 345 2513 429 2574; x_wconf 87' lang='lat' dir='ltr'><strong>esset,</strong></span> <span class='ocrx_word' id='word_1_172' title='bbox 453 2503 579 2572; x_wconf 88' lang='lat' dir='ltr'><strong>dixisset,</strong></span> <span class='ocrx_word' id='word_1_173' title='bbox 604 2503 711 2564; x_wconf 82' lang='lat' dir='ltr'><strong>“Quid</strong></span> <span class='ocrx_word' id='word_1_174' title='bbox 737 2515 779 2575; x_wconf 91' lang='lat' dir='ltr'><strong>tu,</strong></span> <span class='ocrx_word' id='word_1_175' title='bbox 803 2503 899 2580; x_wconf 83' lang='lat' dir='ltr'><strong>Egilia</strong></span> 
     </span>
     <span class='ocr_line' id='line_1_24' title="bbox 119 2599 899 2675; baseline 0 -17"><span class='ocrx_word' id='word_1_176' title='bbox 119 2602 202 2658; x_wconf 75' lang='lat' dir='ltr'><strong>meai</strong></span> <span class='ocrx_word' id='word_1_177' title='bbox 233 2601 346 2675; x_wconf 89' lang='lat' dir='ltr'><strong>quando</strong></span> <span class='ocrx_word' id='word_1_178' title='bbox 374 2599 409 2656; x_wconf 88' lang='lat' dir='ltr'><strong>ad</strong></span> <span class='ocrx_word' id='word_1_179' title='bbox 436 2618 481 2656; x_wconf 93' lang='lat' dir='ltr'><strong>me</strong></span> <span class='ocrx_word' id='word_1_180' title='bbox 505 2599 585 2656; x_wconf 88' lang='lat' dir='ltr'><strong>venis</strong></span> <span class='ocrx_word' id='word_1_181' title='bbox 611 2617 678 2666; x_wconf 86' lang='lat' dir='ltr'><strong>cum</strong></span> <span class='ocrx_word' id='word_1_182' title='bbox 703 2599 754 2656; x_wconf 72' lang='lat' dir='ltr'><strong>tua</strong></span> <span class='ocrx_word' id='word_1_183' title='bbox 780 2600 846 2656; x_wconf 90' lang='lat' dir='ltr'><strong>coln</strong></span> <span class='ocrx_word' id='word_1_184' title='bbox 869 2610 899 2658; x_wconf 91' lang='lat' dir='ltr'><strong>et</strong></span> 
     </span>
     <span class='ocr_line' id='line_1_25' title="bbox 118 2693 897 2770; baseline 0.001 -18"><span class='ocrx_word' id='word_1_185' title='bbox 118 2695 227 2753; x_wconf 75' lang='lat' dir='ltr'><strong>landi&#39;&#39;</strong></span> <span class='ocrx_word' id='word_1_186' title='bbox 270 2694 376 2765; x_wconf 87' lang='lat' dir='ltr'><strong>“Non,</strong></span> <span class='ocrx_word' id='word_1_187' title='bbox 394 2694 469 2770; x_wconf 88' lang='lat' dir='ltr'><strong>pol,”</strong></span> <span class='ocrx_word' id='word_1_188' title='bbox 486 2693 587 2768; x_wconf 88' lang='lat' dir='ltr'><strong>inquit,</strong></span> <span class='ocrx_word' id='word_1_189' title='bbox 609 2699 627 2726; x_wconf 80' lang='lat'><strong>‘⁴</strong></span> <span class='ocrx_word' id='word_1_190' title='bbox 638 2693 744 2753; x_wconf 88' lang='lat' dir='ltr'><strong>audeo:</strong></span> <span class='ocrx_word' id='word_1_191' title='bbox 763 2713 832 2756; x_wconf 88' lang='lat' dir='ltr'><strong>nam</strong></span> <span class='ocrx_word' id='word_1_192' title='bbox 851 2714 897 2753; x_wconf 91' lang='lat' dir='ltr'><strong>me</strong></span> 
     </span>
     <span class='ocr_line' id='line_1_26' title="bbox 120 2791 944 2872; baseline -0.002 -23"><span class='ocrx_word' id='word_1_193' title='bbox 120 2793 155 2849; x_wconf 88' lang='lat' dir='ltr'><strong>ad</strong></span> <span class='ocrx_word' id='word_1_194' title='bbox 169 2792 291 2872; x_wconf 72' lang='lat' dir='ltr'><strong>famosas</strong></span> <span class='ocrx_word' id='word_1_195' title='bbox 304 2791 392 2848; x_wconf 84' lang='lat' dir='ltr'><strong>vetuit</strong></span> <span class='ocrx_word' id='word_1_196' title='bbox 405 2800 494 2849; x_wconf 81' lang='lat' dir='ltr'><strong>mater</strong></span> <span class='ocrx_word' id='word_1_197' title='bbox 509 2791 674 2848; x_wconf 84' lang='lat' dir='ltr'><strong>accedere.&#39;’</strong></span> <span class='ocrx_word' id='word_1_198' title='bbox 912 2804 944 2854; x_wconf 69' lang='lat'><strong>23</strong></span> 
     </span>
    </p>
   </div>
   <div class='ocr_carea' id='block_1_5' title="bbox 120 2981 899 3157">
    <p class='ocr_par' dir='ltr' id='par_1_5' title="bbox 120 2981 899 3157">
     <span class='ocr_line' id='line_1_27' title="bbox 159 2981 898 3059; baseline 0 -19"><span class='ocrx_word' id='word_1_199' title='bbox 159 2982 267 3040; x_wconf 85' lang='lat' dir='ltr'>LXIX.</span> <span class='ocrx_word' id='word_1_200' title='bbox 299 2982 380 3040; x_wconf 86' lang='lat' dir='ltr'><strong>Salsa</strong></span> <span class='ocrx_word' id='word_1_201' title='bbox 399 2991 465 3040; x_wconf 85' lang='lat' dir='ltr'><strong>sunt</strong></span> <span class='ocrx_word' id='word_1_202' title='bbox 484 2981 581 3053; x_wconf 91' lang='lat' dir='ltr'><strong>etiam,</strong></span> <span class='ocrx_word' id='word_1_203' title='bbox 602 3001 665 3056; x_wconf 79' lang='lat' dir='ltr'><strong>quae</strong></span> <span class='ocrx_word' id='word_1_204' title='bbox 684 2982 790 3042; x_wconf 83' lang='lat' dir='ltr'><strong>habent</strong></span> <span class='ocrx_word' id='word_1_205' title='bbox 810 2983 898 3059; x_wconf 84' lang='lat' dir='ltr'><strong>suspi-</strong></span> 
     </span>
     <span class='ocr_line' id='line_1_28' title="bbox 120 3077 899 3157; baseline -0.001 -20"><span class='ocrx_word' id='word_1_206' title='bbox 120 3079 233 3138; x_wconf 85' lang='lat' dir='ltr'><strong>cionem</strong></span> <span class='ocrx_word' id='word_1_207' title='bbox 253 3078 366 3136; x_wconf 82' lang='lat' dir='ltr'><strong>ridiculi</strong></span> <span class='ocrx_word' id='word_1_208' title='bbox 381 3077 586 3151; x_wconf 86' lang='lat' dir='ltr'><strong>absconditam,</strong></span> <span class='ocrx_word' id='word_1_209' title='bbox 607 3096 663 3154; x_wconf 89' lang='lat' dir='ltr'><strong>quo</strong></span> <span class='ocrx_word' id='word_1_210' title='bbox 683 3079 713 3137; x_wconf 93' lang='lat' dir='ltr'><strong>in</strong></span> <span class='ocrx_word' id='word_1_211' title='bbox 732 3097 837 3157; x_wconf 80' lang='lat' dir='ltr'><strong>genere</strong></span> <span class='ocrx_word' id='word_1_212' title='bbox 855 3088 899 3136; x_wconf 84' lang='lat' dir='ltr'><strong>est</strong></span> 
     </span>
    </p>
   </div>
   <div class='ocr_carea' id='block_1_6' title="bbox 0 0 1096 3575">
    <p class='ocr_par' dir='ltr' id='par_1_6' title="bbox 0 0 1096 3575">
     <span class='ocr_line' id='line_1_29' title="bbox 0 0 1096 3575; baseline 0 0"><span class='ocrx_word' id='word_1_213' title='bbox 0 0 1096 3575; x_wconf 95' lang='lat' dir='ltr'><strong> </strong></span> 
     </span>
    </p>
   </div>
  </div>
 </body>
</html>
