2184 3575
128 340 156 387 n.
168 342 209 401 n]
408 340 452 389 nn
474 338 638 389 ouanonu
914 326 955 387 ot

129 487 239 564 plicare
257 506 339 547 suum
359 489 396 548 de
415 489 545 547 maximis
563 490 667 559 rebus3
690 498 720 545 et
738 486 860 559 honesti,
879 495 910 545 et

129 584 239 657 diserti,
253 595 285 643 ut
297 596 393 644 urente
412 586 571 661 providere,
592 585 762 645 auctoritate
780 584 908 661 probare,

132 680 260 739 oratione
272 681 452 758 persuadere,
465 681 562 757 possit

134 914 136 920 ,
171 872 327 933 LXXXII.
359 874 454 949 Atque
467 874 529 932 heo
543 874 574 932 iu
587 885 686 933 senatu
700 873 812 932 minore
830 890 912 950 appa·
927 882 934 921 '-

131 978 194 1027 ratu
215 969 326 1046 agendo
344 980 426 1027 sunt:
450 970 565 1047 sapiens
583 972 660 1028 eninr
679 980 723 1029 est
741 968 909 1040 eonsilium3
924 973 942 1023 5

129 1064 283 1140 multisque
325 1066 387 1124 aliis
425 1066 540 1124 dioendi
580 1066 783 1141 relinquendus
820 1066 910 1125 loeus.

131 1160 259 1219 Vitanda
277 1161 362 1219 etiam
383 1162 491 1239 ingenii
510 1162 708 1239 ostentationis
726 1161 861 1237 euspicio.

172 1255 285 1315 Conoio
305 1257 381 1332 capit
400 1275 514 1315 omnam
533 1258 590 1315 sim
610 1257 757 1329 orationis,
775 1266 805 1313 et
821 1255 912 1333 gravi·

132 1361 222 1409 tatem
240 1353 460 1427 varietatemque
487 1353 637 1411 desiderat.
690 1353 778 1429 Ergo,
798 1352 828 1411 in
847 1370 945 1411 sua··.

134 1447 240 1519 dendo,
254 1448 324 1506 nihil
345 1458 387 1507 est
406 1448 567 1524 optabilius,
582 1467 666 1523 quarn
685 1449 825 1525 dignitas:
845 1463 912 1505 nam
926 1453 958 1504 lt)

134 1543 185 1619 qui
217 1544 367 1603 utilitatem
399 1555 488 1620 putat,
515 1562 574 1603 non
599 1546 666 1621 quid
698 1544 821 1602 maxime
844 1542 913 1602 velit

133 1658 242 1712 suasor,
257 1641 307 1698 sed
320 1642 388 1716 quid
403 1642 545 1701 interdum
565 1642 656 1719 magis
669 1651 813 1717 sequatur,
825 1639 903 1699 videt

133 1736 228 1796 Neruo
242 1747 285 1796 est
298 1738 384 1810 enim,
398 1739 553 1816 presertim
568 1738 598 1796 in
612 1749 669 1798 tam
688 1737 766 1798 oleri
786 1736 911 1808 diritate,

133 1834 202 1909 quin
221 1845 301 1911 putet
320 1837 506 1912 expetendam
519 1837 641 1895 maxime
655 1835 839 1913 dignitatem:
859 1833 910 1892 oed

132 1931 222 1990 vineit
240 1931 348 1990 utilitas
365 1933 542 2009 plerumque,
556 1951 621 1990 oum
642 1934 739 1990 subest
754 1932 803 1990 ille
814 1931 910 2002 timor,
928 1931 959 1980 15

133 2029 169 2087 ei
182 2029 323 2106 neglecti,
334 2047 371 2087 ne
380 2029 549 2106 dignitatem
561 2029 675 2103 quidem
687 2046 772 2104 posse
784 2025 911 2085 retineri.

173 2123 374 2182 Controversia
388 2135 481 2182 autern
496 2125 571 2182 inter
591 2124 737 2180 hominum
757 2121 913 2180 sententias

136 2220 228 2278 autin
243 2220 358 2291 illoest,
372 2230 466 2276 utrum
486 2219 523 2276 sit
541 2219 653 2278 utilius:
675 2217 832 2288 autetiam,
846 2233 913 2274 oum

136 2315 165 2374 id
180 2315 323 2387 eonvenit,
338 2325 471 2387 certatur,
487 2325 582 2390 utrum
602 2313 742 2372 honestati
760 2311 856 2390 potius
876 2331 913 2371 an
946 2331 951 2338 ’

135 2411 251 2471 utilitati
277 2408 482 2470 oonsulendurn
508 2409 554 2468 sit.
592 2410 670 2472 Quae
695 2409 763 2484 quia
786 2425 913 2486 pugnare
928 2413 961 2465 2⁰

135 2526 211 2585 sepe
231 2507 304 2566 inter
324 2525 355 2566 ee
373 2507 514 2578 videntur,
534 2506 584 2582 qui
602 2504 753 2564 utilitatem
774 2504 911 2577 defendit,

135 2604 314 2664 enumerabit
346 2603 497 2664 eommoda
527 2602 617 2678 pacis,
648 2619 744 2678 opum,
769 2601 912 2677 potentie,

134 2699 276 2778 pecunie,
296 2698 488 2776 uectigalium,
513 2696 638 2774 presidii
665 2697 796 2768 militum,
823 2693 913 2774 [utili-

135 2797 221 2876 tates]
244 2805 403 2854 oeterarum
421 2813 527 2866 rerum,
546 2812 665 2871 quarum
691 2791 814 2850 fructum
839 2791 914 2852 utili·

133 2900 195 2950 tate
208 2891 350 2962 metimur,
364 2889 487 2966 itemque
500 2889 683 2948 incommoda
698 2883 912 2948 contrariorum.
929 2893 961 2946 ὕ

136 2984 200 3051 Qui
221 2988 256 3045 ad
275 2987 442 3066 dignitatem
462 2987 596 3064 impellit,=
612 2984 751 3063 majorum
775 2985 912 3062 exempla,

136 3101 201 3162 que
219 3094 303 3142 erunt
320 3083 364 3143 tel
390 3099 458 3142 eum
482 3083 612 3159 periculo
634 3083 768 3162 gloriosa,
788 3081 912 3159 colliget,
