2184 3575
123 347 217 415 nm]
403 348 446 396 na
468 347 632 395 carrona
695 332 699 339 '
898 331 955 390 lut

123 517 188 556 rum
208 507 318 556 mentes
339 496 375 556 ad
395 494 601 555 humanitatem
622 494 798 570 fingerentur
825 501 910 567 atque

124 594 267 665 virtutem,
287 611 374 651 onme
393 601 505 668 tempus
526 601 611 666 atque
630 598 729 648 etates
755 605 822 646 suas
842 605 910 644 con·

124 698 294 749 sumserunt.

162 882 245 941 XVI.
277 882 346 954 Sed,
366 881 442 958 quod
463 891 544 939 erant
571 880 696 957 quidam,
717 879 795 954 iique
817 877 910 950 multi,

123 977 173 1053 qui
188 988 237 1036 aut
251 978 280 1034 in
293 977 442 1053 republicis
461 986 575 1052 propter
597 975 760 1050 ancipitem,
774 993 838 1050 quse
851 991 910 1031 non
924 980 941 1028 5

123 1084 293 1150 potestesse
309 1074 448 1149 sejuncta,
463 1072 589 1130 faciendi
608 1071 780 1146 dicendique
800 1071 911 1147 sapien·

123 1169 204 1240 tiam,
225 1169 369 1240 florerent,
388 1179 420 1226 ut
439 1167 663 1238 Themistocles,
678 1176 709 1224 ut
728 1167 865 1237 Pericles,
878 1175 911 1224 ut

124 1263 332 1334 Theramenes,
355 1273 413 1335 aut,
436 1263 485 1338 qui
511 1263 608 1320 minus
630 1262 685 1338 ipsi
709 1261 739 1318 in
762 1261 912 1337 republicd

124 1369 314 1432 versarentur,
329 1360 378 1417 sed
400 1359 483 1436 hujus
503 1369 599 1416 tamen
619 1358 746 1435 ejusdem
764 1357 911 1434 sapientire

124 1455 259 1513 doctores
294 1465 399 1526 essent,
433 1465 464 1513 ut
500 1455 632 1530 Gorgias,
665 1453 910 1529 Thrasymachus,
927 1461 957 1509 10

124 1551 284 1621 Isocrates3
312 1550 419 1608 inventi
439 1561 516 1622 sunt,
536 1550 597 1625 qui,
617 1568 684 1606 oum
706 1549 760 1625 ipsi
780 1548 911 1608 doctrind

124 1657 154 1706 et
174 1647 297 1724 ingeniis
318 1648 506 1718 abundarent,
528 1666 544 1704 a
565 1665 596 1703 re
623 1655 719 1704 autem
747 1645 825 1704 civili
845 1655 913 1703 eta

124 1743 257 1821 negotiis,
291 1743 378 1803 animi
412 1743 533 1819 quodam
565 1742 686 1820 judicio,
716 1743 910 1815 abhorrerent,

124 1840 199 1897 hane
226 1840 342 1898 dicendi
366 1839 601 1899 exercitationem
625 1839 803 1915 exagitarent
827 1850 912 1916 atque

124 1946 356 2007 contemnerent;
384 1954 507 2011 quorum
529 1936 665 2012 princeps
689 1936 823 1993 Socrates
847 1934 910 2007 fnit,
926 1947 957 1995 15

124 2032 158 2103 is,
173 2032 232 2107 qui,
246 2032 374 2089 omnium
387 2032 565 2089 eruditorum
579 2031 752 2103 testimonio,
766 2031 912 2107 totiusque

122 2126 232 2203 judicio
251 2127 383 2197 Graeciae,
404 2146 470 2183 curn
490 2126 653 2201 prudentiss,
674 2136 704 2183 et
724 2126 868 2197 acumine,
882 2136 912 2184 et

124 2233 281 2296 venustate,
308 2233 338 2280 et
364 2223 531 2291 subtilitate,
558 2232 619 2279 tum
645 2241 715 2279 vero
736 2222 912 2297 eloquentiis,

124 2318 270 2390 varietate,
298 2318 391 2394 copid,
418 2336 503 2394 quam
529 2334 562 2375 se
588 2336 712 2392 cumque
745 2318 775 2375 in
800 2328 911 2396 partem
1002 2337 1005 2345 ·

124 2415 259 2487 dedisset,
281 2414 408 2473 omnium
433 2413 487 2471 luit
510 2413 596 2471 facile
618 2414 759 2490 princeps.
810 2414 841 2473 Is
863 2415 909 2489 iis,
923 2428 956 2479 te

123 2510 173 2586 qui
197 2510 269 2583 haec,
293 2530 355 2587 quae
379 2529 432 2568 nos
455 2528 534 2568 nunc
557 2510 719 2584 querimus,
743 2520 909 2585 tractarent,

123 2617 251 2685 agerent,
279 2606 425 2679 docerent,
453 2624 519 2664 cum
553 2605 669 2663 nomine
702 2606 910 2681 appellarentur

122 2722 191 2776 nno,
218 2702 295 2779 quod
323 2702 417 2761 omnis
443 2720 538 2760 rerum
567 2702 739 2778 optimarum
772 2704 909 2780 cognitio,

123 2810 208 2876 atque
221 2799 252 2857 in
266 2799 301 2857 iis
314 2799 493 2871 exercitatio,
506 2798 687 2875 philosophia
704 2798 909 2875 nominaretur,

123 2895 180 2953 boc
200 2912 353 2958 commune
373 2912 479 2952 nomen
499 2894 614 2971 eripuit,
627 2894 827 2972 sapienterque
847 2915 910 2955 sen·
921 2908 954 2960 κ

121 2990 225 3062 tiendi,
237 3000 267 3049 et
280 3000 380 3050 ornate
400 2990 516 3048 dicendi
536 2990 698 3063 scientiam,
712 3008 743 3049 re
763 2992 910 3052 coheren-

121 3096 177 3163 tes,
197 3084 439 3165 disputationibus
458 3085 519 3146 suia
538 3085 695 3165 separarit:
723 3087 808 3169 cajus
830 3087 913 3168 inge·¹

614 3350 638 3389 *Δ
