2184 3575
129 377 210 439 nn]
276 422 282 437 ,
410 374 454 445 un
475 378 637 427 omuonu.
916 366 956 425 48

128 526 277 598 manseris,
296 530 326 583 'te
345 526 445 603 paucis
465 526 548 584 annis
568 527 603 584 ad
623 525 760 585 maximas
772 524 910 602 peoumm

130 640 195 679 esse
218 625 393 680 venturum.”
448 620 484 680 In
510 623 567 681 hoo
592 640 698 699 genere
725 622 854 679 Fannius
880 622 910 679 in

129 718 281 775 annalibus
314 718 373 775 suis
405 718 576 775 Africanum
613 718 690 775 huno
723 717 911 775 AEmilianunr

130 812 202 870 dioit
215 813 311 885 luisse,
322 824 351 871 et
364 832 430 870 eum
443 814 546 871 Graeoo
560 814 646 871 verbo
659 813 782 889 appellet
794 819 911 886 εἴρωναε

129 909 190 979 sed,
206 910 247 966 uti
262 910 366 980 ferunt,
380 908 428 984 qui
442 907 544 973 melius
558 909 619 966 haeo
632 908 747 980 norunt,
762 910 912 967 Socratem
924 916 942 965 5

128 1004 232 1078 opinor
259 1004 289 1061 iu
317 1006 371 1061 liao
402 1004 496 1061 ‘ironia
529 1003 794 1080 dissimulantirique
825 1004 912 1080 longe

129 1099 227 1174 lepore
238 1109 266 1157 et
277 1100 451 1159 humanitate
462 1100 595 1157 omnibus
604 1100 775 1176 prestitisse.
812 1101 912 1160 Genus

129 1206 174 1252 est
193 1196 370 1271 perelegans,
384 1206 413 1253 et
427 1215 493 1253 oum
511 1196 648 1273 gravitate
661 1197 775 1267 salsum,
790 1214 912 1271 cumque
954 1208 960 1223 ·

128 1291 264 1348 oratoriis
291 1291 472 1361 dictionibus,
497 1301 559 1348 tum
585 1292 700 1349 urbanis
722 1292 910 1363 sermonibus,

132 1386 387 1442 aooommodatum.
428 1386 476 1456 Et,
497 1385 622 1456 hercule,
643 1386 740 1442 omnia
758 1386 829 1457 heo,
849 1405 911 1461 quae
926 1394 957 1443 lo

133 1499 209 1537 ame
224 1481 261 1537 de
282 1480 392 1539 facetiis
413 1480 601 1555 disputantur,
616 1499 674 1537 uon
693 1480 802 1556 majora
820 1481 912 1538 soren-

132 1576 205 1633 sium
221 1576 377 1648 aotionum,
387 1596 472 1652 quam
486 1576 615 1634 omnium
628 1594 799 1647 sermonum,
814 1576 912 1634 condi·

131 1683 229 1730 menta
254 1683 327 1731 sunt.
375 1673 462 1744 Nam,
490 1673 566 1748 quod
592 1674 666 1747 apud
693 1673 833 1731 Catonem
858 1683 910 1744 est,

131 1770 180 1845 qui
198 1769 287 1827 multa
306 1769 412 1842 retulit,
426 1789 462 1828 ex
476 1769 579 1845 quibus
594 1789 610 1828 a
622 1789 669 1827 me
682 1770 804 1846 exempli
824 1769 912 1828 cousi

131 1865 221 1923 multa
245 1875 400 1940 ponuntur,
424 1885 474 1941 per
500 1865 571 1924 mihi
598 1865 702 1922 scitum
729 1866 848 1937 videtur,
875 1865 909 1922 C.
927 1878 957 1926 15

131 1961 292 2024 Publicium
307 1961 421 2018 solitum
435 1961 541 2031 dioere,
557 1961 616 2018 “P.
632 1960 804 2018 Mummium
821 1961 912 2019 cuivis

105 2123 107 2128 ¹
131 2057 252 2133 tempori
279 2057 422 2116 hominem
448 2059 538 2114 esse.''
591 2057 642 2115 sic
666 2058 795 2133 prolecto
815 2077 861 2114 res
880 2075 912 2114 se

131 2153 227 2223 habet,
241 2153 352 2210 nullum
374 2162 407 2210 ut
430 2152 466 2209 rit
487 2152 552 2209 vitm
574 2163 695 2227 tempus,
720 2153 749 2209 in
773 2170 830 2226 quo
853 2170 912 2208 non

128 2249 235 2306 deceat
247 2249 373 2322 leporem
387 2248 647 2323 humanitatemque
660 2248 774 2306 versari.

173 2343 231 2401 Sed
258 2343 345 2400 redeo
372 2342 406 2400 ad
433 2354 536 2401 uetera.
588 2343 641 2402 Est
667 2343 735 2402 linio
760 2342 912 2402 finitimum
927 2358 958 2408 ω

131 2439 361 2510 dissimulationi,
389 2457 456 2496 oum
482 2438 604 2496 honesto
630 2440 716 2498 verbo
740 2439 842 2498 vitiosa
867 2459 913 2498 res

133 2536 306 2612 appellatum
343 2545 377 2592 ut
408 2553 474 2593 oum
507 2534 664 2594 Afrioenus
698 2553 800 2593 oensor
836 2536 912 2594 tribu

132 2633 265 2690 movebat
283 2650 351 2688 eum
369 2631 579 2702 centurionem,
595 2630 645 2706 qui
663 2632 695 2689 in
714 2631 797 2689 Pauli
815 2633 913 2708 pugni
1009 2614 1013 2626 ¹

132 2747 191 2785 non
213 2725 340 2800 affuerat,
354 2744 421 2784 oum
441 2726 489 2785 ille
502 2743 533 2784 se
547 2722 685 2784 custodie
705 2727 792 2786 nausii
805 2727 914 2786 dioeret

132 2824 164 2881 in
191 2823 292 2880 eastris
317 2823 497 2894 remansisse,
523 2833 717 2900 quereretque
743 2842 795 2882 our
819 2825 856 2882 ub
877 2841 914 2881 eo
927 2839 959 2890 2⁵

131 2915 295 2991 notaretur3
323 2917 420 2977 “Non
445 2921 537 2994 emo,’'
559 2919 661 2997 inquit,
682 2919 830 2978 “nimium
851 2919 914 2978 dili·

45 3061 49 3068 .
135 3017 261 3094 gentes-'¹

174 3111 302 3172 Acutum
333 3112 420 3174 etiarn
453 3112 524 3175 illud
555 3123 610 3188 est,
636 3132 704 3174 oum
735 3111 914 3174 exuerim
