<?xml version="1.0" encoding="UTF-8"?>
<!DOCTYPE html PUBLIC "-//W3C//DTD XHTML 1.0 Transitional//EN"
    "http://www.w3.org/TR/xhtml1/DTD/xhtml1-transitional.dtd">
<html xmlns="http://www.w3.org/1999/xhtml" xml:lang="en" lang="en">
 <head>
  <title>
</title>
<meta http-equiv="Content-Type" content="text/html;charset=utf-8" />
  <meta name='ocr-system' content='tesseract 3.04.00' />
  <meta name='ocr-capabilities' content='ocr_page ocr_carea ocr_par ocr_line ocrx_word'/>
</head>
<body>
  <div class='ocr_page' id='page_1' title='image "./mtciceronisadqu02dillgoog_0080.png"; bbox 0 0 2184 3575; ppageno 0'>
   <div class='ocr_carea' id='block_1_1' title="bbox 130 293 961 367">
    <p class='ocr_par' dir='ltr' id='par_1_1' title="bbox 130 293 961 367">
     <span class='ocr_line' id='line_1_1' title="bbox 130 293 961 367; baseline 0.001 -2"><span class='ocrx_word' id='word_1_1' title='bbox 130 307 172 367; x_wconf 78' lang='lat' dir='ltr'>rt</span> <span class='ocrx_word' id='word_1_2' title='bbox 452 319 496 366; x_wconf 87' lang='lat' dir='ltr'>nn</span> <span class='ocrx_word' id='word_1_3' title='bbox 516 293 680 366; x_wconf 74' lang='lat' dir='ltr'>carrona</span> <span class='ocrx_word' id='word_1_4' title='bbox 892 320 920 366; x_wconf 84' lang='lat' dir='ltr'>n.</span> <span class='ocrx_word' id='word_1_5' title='bbox 929 319 961 366; x_wconf 93' lang='lat'>11.</span> 
     </span>
    </p>
   </div>
   <div class='ocr_carea' id='block_1_2' title="bbox 125 465 975 3136">
    <p class='ocr_par' dir='ltr' id='par_1_2' title="bbox 125 465 975 3136">
     <span class='ocr_line' id='line_1_2' title="bbox 177 465 962 552; baseline -0.001 -26"><span class='ocrx_word' id='word_1_6' title='bbox 177 466 276 526; x_wconf 89' lang='lat' dir='ltr'>benter</span> <span class='ocrx_word' id='word_1_7' title='bbox 290 465 366 526; x_wconf 89' lang='lat' dir='ltr'>enim</span> <span class='ocrx_word' id='word_1_8' title='bbox 380 476 418 539; x_wconf 88' lang='lat' dir='ltr'>te,</span> <span class='ocrx_word' id='word_1_9' title='bbox 433 467 582 544; x_wconf 85' lang='lat' dir='ltr'>cognitum</span> <span class='ocrx_word' id='word_1_10' title='bbox 598 467 658 552; x_wconf 78' lang='lat' dir='ltr'>jam</span> <span class='ocrx_word' id='word_1_11' title='bbox 673 466 822 538; x_wconf 86' lang='lat' dir='ltr'>artificem,</span> <span class='ocrx_word' id='word_1_12' title='bbox 837 465 962 542; x_wconf 86' lang='lat' dir='ltr'>aliquan-</span> 
     </span>
     <span class='ocr_line' id='line_1_3' title="bbox 177 563 962 640; baseline 0 -20"><span class='ocrx_word' id='word_1_13' title='bbox 177 563 270 639; x_wconf 85' lang='lat' dir='ltr'><strong>doque</strong></span> <span class='ocrx_word' id='word_1_14' title='bbox 290 564 434 620; x_wconf 86' lang='lat' dir='ltr'>evolutum</span> <span class='ocrx_word' id='word_1_15' title='bbox 455 565 513 621; x_wconf 91' lang='lat' dir='ltr'>illis</span> <span class='ocrx_word' id='word_1_16' title='bbox 531 563 736 640; x_wconf 81' lang='lat' dir='ltr'><strong>integumentis</strong></span> <span class='ocrx_word' id='word_1_17' title='bbox 762 563 962 620; x_wconf 88' lang='lat' dir='ltr'>dissimulatio·</span> 
     </span>
     <span class='ocr_line' id='line_1_4' title="bbox 176 659 961 736; baseline 0 -20"><span class='ocrx_word' id='word_1_18' title='bbox 176 659 222 716; x_wconf 91' lang='lat' dir='ltr'>nis</span> <span class='ocrx_word' id='word_1_19' title='bbox 242 669 307 731; x_wconf 81' lang='lat' dir='ltr'>tua,</span> <span class='ocrx_word' id='word_1_20' title='bbox 327 660 533 735; x_wconf 89' lang='lat' dir='ltr'>nudatumque,</span> <span class='ocrx_word' id='word_1_21' title='bbox 554 659 714 736; x_wconf 87' lang='lat' dir='ltr'>perspicio:</span> <span class='ocrx_word' id='word_1_22' title='bbox 735 670 773 732; x_wconf 90' lang='lat' dir='ltr'>et,</span> <span class='ocrx_word' id='word_1_23' title='bbox 794 660 871 735; x_wconf 93' lang='lat' dir='ltr'>quod</span> <span class='ocrx_word' id='word_1_24' title='bbox 890 659 961 716; x_wconf 90' lang='lat' dir='ltr'>mihi</span> 
     </span>
     <span class='ocr_line' id='line_1_5' title="bbox 175 741 962 832; baseline 0 -20"><span class='ocrx_word' id='word_1_25' title='bbox 175 755 258 828; x_wconf 85' lang='lat' dir='ltr'><strong>nihil,</strong></span> <span class='ocrx_word' id='word_1_26' title='bbox 279 765 328 813; x_wconf 90' lang='lat' dir='ltr'>ant</span> <span class='ocrx_word' id='word_1_27' title='bbox 347 756 423 832; x_wconf 93' lang='lat' dir='ltr'>quod</span> <span class='ocrx_word' id='word_1_28' title='bbox 444 741 502 813; x_wconf 92' lang='lat' dir='ltr'>non</span> <span class='ocrx_word' id='word_1_29' title='bbox 523 757 644 813; x_wconf 90' lang='lat' dir='ltr'>multum</span> <span class='ocrx_word' id='word_1_30' title='bbox 664 755 812 831; x_wconf 82' lang='lat' dir='ltr'>relinquis,</span> <span class='ocrx_word' id='word_1_31' title='bbox 832 774 962 831; x_wconf 89' lang='lat' dir='ltr'>percom-</span> 
     </span>
     <span class='ocr_line' id='line_1_6' title="bbox 146 836 961 929; baseline -0.002 -19"><span class='ocrx_word' id='word_1_32' title='bbox 146 852 261 910; x_wconf 83' lang='lat' dir='ltr'><strong>5m0de</strong></span> <span class='ocrx_word' id='word_1_33' title='bbox 287 853 367 924; x_wconf 82' lang='lat' dir='ltr'>facis,</span> <span class='ocrx_word' id='word_1_34' title='bbox 396 863 495 928; x_wconf 88' lang='lat' dir='ltr'>estque</span> <span class='ocrx_word' id='word_1_35' title='bbox 522 853 593 910; x_wconf 91' lang='lat' dir='ltr'>mihi</span> <span class='ocrx_word' id='word_1_36' title='bbox 619 862 739 929; x_wconf 84' lang='lat' dir='ltr'>gratum.</span> <span class='ocrx_word' id='word_1_37' title='bbox 794 836 859 909; x_wconf 81' lang='lat' dir='ltr'>lam</span> <span class='ocrx_word' id='word_1_38' title='bbox 886 852 961 911; x_wconf 89' lang='lat' dir='ltr'>istuc</span> 
     </span>
     <span class='ocr_line' id='line_1_7' title="bbox 176 948 959 1025; baseline 0 -21"><span class='ocrx_word' id='word_1_39' title='bbox 176 959 313 1023; x_wconf 90' lang='lat' dir='ltr'>quantum</span> <span class='ocrx_word' id='word_1_40' title='bbox 338 948 391 1005; x_wconf 90' lang='lat' dir='ltr'>tibi</span> <span class='ocrx_word' id='word_1_41' title='bbox 417 968 473 1025; x_wconf 84' lang='lat' dir='ltr'>ego</span> <span class='ocrx_word' id='word_1_42' title='bbox 499 949 673 1023; x_wconf 82' lang='lat' dir='ltr'>reliquerim,</span> <span class='ocrx_word' id='word_1_43' title='bbox 694 948 786 1024; x_wconf 91' lang='lat' dir='ltr'>iuquit</span> <span class='ocrx_word' id='word_1_44' title='bbox 805 948 959 1020; x_wconf 85' lang='lat' dir='ltr'>Antonius,</span> 
     </span>
     <span class='ocr_line' id='line_1_8' title="bbox 175 1043 960 1121; baseline 0.003 -21"><span class='ocrx_word' id='word_1_45' title='bbox 175 1043 230 1101; x_wconf 89' lang='lat' dir='ltr'>erit</span> <span class='ocrx_word' id='word_1_46' title='bbox 250 1043 279 1100; x_wconf 93' lang='lat' dir='ltr'>in</span> <span class='ocrx_word' id='word_1_47' title='bbox 300 1045 350 1102; x_wconf 75' lang='lat' dir='ltr'>tud</span> <span class='ocrx_word' id='word_1_48' title='bbox 369 1055 523 1120; x_wconf 84' lang='lat' dir='ltr'>potestate:</span> <span class='ocrx_word' id='word_1_49' title='bbox 545 1045 570 1101; x_wconf 91' lang='lat' dir='ltr'>si</span> <span class='ocrx_word' id='word_1_50' title='bbox 584 1045 660 1101; x_wconf 88' lang='lat' dir='ltr'>enim</span> <span class='ocrx_word' id='word_1_51' title='bbox 681 1060 746 1102; x_wconf 84' lang='lat' dir='ltr'>vere</span> <span class='ocrx_word' id='word_1_52' title='bbox 767 1063 852 1121; x_wconf 85' lang='lat' dir='ltr'>egere</span> <span class='ocrx_word' id='word_1_53' title='bbox 865 1044 960 1103; x_wconf 85' lang='lat' dir='ltr'>voluc-</span> 
     </span>
     <span class='ocr_line' id='line_1_9' title="bbox 174 1139 958 1216; baseline 0 -20"><span class='ocrx_word' id='word_1_54' title='bbox 174 1139 223 1210; x_wconf 87' lang='lat' dir='ltr'>ris,</span> <span class='ocrx_word' id='word_1_55' title='bbox 251 1139 348 1211; x_wconf 86' lang='lat' dir='ltr'>omnia</span> <span class='ocrx_word' id='word_1_56' title='bbox 374 1140 427 1197; x_wconf 90' lang='lat' dir='ltr'>tibi</span> <span class='ocrx_word' id='word_1_57' title='bbox 453 1141 600 1216; x_wconf 82' lang='lat' dir='ltr'>relinqu03</span> <span class='ocrx_word' id='word_1_58' title='bbox 634 1140 679 1198; x_wconf 92' lang='lat' dir='ltr'>sin</span> <span class='ocrx_word' id='word_1_59' title='bbox 713 1140 901 1212; x_wconf 89' lang='lat' dir='ltr'>dissimulare,</span> <span class='ocrx_word' id='word_1_60' title='bbox 927 1149 958 1197; x_wconf 93' lang='lat' dir='ltr'>tu</span> 
     </span>
     <span class='ocr_line' id='line_1_10' title="bbox 175 1236 960 1310; baseline 0.001 -18"><span class='ocrx_word' id='word_1_61' title='bbox 175 1236 412 1310; x_wconf 81' lang='lat' dir='ltr'><strong>quemadmodum</strong></span> <span class='ocrx_word' id='word_1_62' title='bbox 433 1236 477 1293; x_wconf 92' lang='lat' dir='ltr'>his</span> <span class='ocrx_word' id='word_1_63' title='bbox 497 1236 665 1309; x_wconf 81' lang='lat' dir='ltr'>satisfacias,</span> <span class='ocrx_word' id='word_1_64' title='bbox 686 1236 798 1294; x_wconf 87' lang='lat' dir='ltr'>videris.</span> <span class='ocrx_word' id='word_1_65' title='bbox 840 1237 910 1308; x_wconf 84' lang='lat' dir='ltr'>Sed,</span> <span class='ocrx_word' id='word_1_66' title='bbox 928 1246 960 1293; x_wconf 91' lang='lat' dir='ltr'>ut</span> 
     </span>
     <span class='ocr_line' id='line_1_11' title="bbox 131 1330 969 1409; baseline 0 -20"><span class='ocrx_word' id='word_1_67' title='bbox 131 1341 161 1390; x_wconf 82' lang='lat'>10</span> <span class='ocrx_word' id='word_1_68' title='bbox 176 1330 210 1389; x_wconf 88' lang='lat' dir='ltr'>ad</span> <span class='ocrx_word' id='word_1_69' title='bbox 237 1349 298 1388; x_wconf 90' lang='lat' dir='ltr'>rem</span> <span class='ocrx_word' id='word_1_70' title='bbox 324 1333 449 1403; x_wconf 84' lang='lat' dir='ltr'>redeam,</span> <span class='ocrx_word' id='word_1_71' title='bbox 476 1351 534 1390; x_wconf 93' lang='lat' dir='ltr'>non</span> <span class='ocrx_word' id='word_1_72' title='bbox 568 1352 631 1390; x_wconf 92' lang='lat' dir='ltr'>sum</span> <span class='ocrx_word' id='word_1_73' title='bbox 658 1343 738 1390; x_wconf 90' lang='lat' dir='ltr'>tanto</span> <span class='ocrx_word' id='word_1_74' title='bbox 765 1350 829 1409; x_wconf 84' lang='lat' dir='ltr'>ego,</span> <span class='ocrx_word' id='word_1_75' title='bbox 857 1331 969 1408; x_wconf 73' lang='lat' dir='ltr'>inquit,</span> 
     </span>
     <span class='ocr_line' id='line_1_12' title="bbox 174 1427 960 1504; baseline -0.001 -19"><span class='ocrx_word' id='word_1_76' title='bbox 174 1427 300 1504; x_wconf 83' lang='lat' dir='ltr'>iugenio,</span> <span class='ocrx_word' id='word_1_77' title='bbox 316 1439 424 1504; x_wconf 87' lang='lat' dir='ltr'>quanto</span> <span class='ocrx_word' id='word_1_78' title='bbox 443 1428 657 1486; x_wconf 87' lang='lat' dir='ltr'>Themistocles</span> <span class='ocrx_word' id='word_1_79' title='bbox 677 1429 739 1500; x_wconf 86' lang='lat' dir='ltr'>suit,</span> <span class='ocrx_word' id='word_1_80' title='bbox 758 1438 790 1485; x_wconf 90' lang='lat' dir='ltr'>ut</span> <span class='ocrx_word' id='word_1_81' title='bbox 809 1428 960 1487; x_wconf 80' lang='lat' dir='ltr'>oblivionis</span> 
     </span>
     <span class='ocr_line' id='line_1_13' title="bbox 176 1524 975 1600; baseline 0 -18"><span class='ocrx_word' id='word_1_82' title='bbox 176 1533 274 1594; x_wconf 88' lang='lat' dir='ltr'>artem,</span> <span class='ocrx_word' id='word_1_83' title='bbox 296 1543 381 1599; x_wconf 90' lang='lat' dir='ltr'><strong>quam</strong></span> <span class='ocrx_word' id='word_1_84' title='bbox 401 1524 556 1595; x_wconf 72' lang='lat' dir='ltr'>memoria,</span> <span class='ocrx_word' id='word_1_85' title='bbox 577 1525 691 1582; x_wconf 88' lang='lat' dir='ltr'>malim:</span> <span class='ocrx_word' id='word_1_86' title='bbox 714 1524 892 1600; x_wconf 83' lang='lat' dir='ltr'>gratiamque</span> <span class='ocrx_word' id='word_1_87' title='bbox 912 1524 975 1582; x_wconf 56' lang='lat' dir='ltr'>ha?</span> 
     </span>
     <span class='ocr_line' id='line_1_14' title="bbox 177 1619 959 1695; baseline 0.001 -19"><span class='ocrx_word' id='word_1_88' title='bbox 177 1619 230 1676; x_wconf 90' lang='lat' dir='ltr'>beo</span> <span class='ocrx_word' id='word_1_89' title='bbox 258 1619 400 1684; x_wconf 88' lang='lat' dir='ltr'>Simonidi</span> <span class='ocrx_word' id='word_1_90' title='bbox 427 1619 468 1677; x_wconf 94' lang='lat' dir='ltr'>illi</span> <span class='ocrx_word' id='word_1_91' title='bbox 495 1620 567 1691; x_wconf 87' lang='lat' dir='ltr'>Ceo,</span> <span class='ocrx_word' id='word_1_92' title='bbox 595 1638 679 1695; x_wconf 90' lang='lat' dir='ltr'><strong>quem</strong></span> <span class='ocrx_word' id='word_1_93' title='bbox 709 1620 831 1694; x_wconf 91' lang='lat' dir='ltr'>primum</span> <span class='ocrx_word' id='word_1_94' title='bbox 864 1620 959 1678; x_wconf 88' lang='lat' dir='ltr'>serunt</span> 
     </span>
     <span class='ocr_line' id='line_1_15' title="bbox 176 1712 959 1791; baseline 0.003 -19"><span class='ocrx_word' id='word_1_95' title='bbox 176 1725 264 1772; x_wconf 87' lang='lat' dir='ltr'>artem</span> <span class='ocrx_word' id='word_1_96' title='bbox 285 1712 428 1772; x_wconf 78' lang='lat' dir='ltr'>memoria</span> <span class='ocrx_word' id='word_1_97' title='bbox 447 1716 607 1791; x_wconf 82' lang='lat' dir='ltr'>protulisse.</span> <span class='ocrx_word' id='word_1_98' title='bbox 632 1713 759 1773; x_wconf 75' lang='lat' dir='ltr'>Dicunt</span> <span class='ocrx_word' id='word_1_99' title='bbox 784 1716 871 1788; x_wconf 90' lang='lat' dir='ltr'>euim,</span> <span class='ocrx_word' id='word_1_100' title='bbox 892 1735 959 1774; x_wconf 93' lang='lat' dir='ltr'>cum</span> 
     </span>
     <span class='ocr_line' id='line_1_16' title="bbox 130 1811 959 1889; baseline 0 -19"><span class='ocrx_word' id='word_1_101' title='bbox 130 1822 161 1870; x_wconf 80' lang='lat'>15</span> <span class='ocrx_word' id='word_1_102' title='bbox 175 1822 301 1869; x_wconf 85' lang='lat' dir='ltr'>eoenaret</span> <span class='ocrx_word' id='word_1_103' title='bbox 315 1812 468 1869; x_wconf 86' lang='lat' dir='ltr'>Crannone</span> <span class='ocrx_word' id='word_1_104' title='bbox 483 1812 511 1868; x_wconf 91' lang='lat' dir='ltr'>in</span> <span class='ocrx_word' id='word_1_105' title='bbox 526 1811 679 1870; x_wconf 78' lang='lat' dir='ltr'>Thessalid</span> <span class='ocrx_word' id='word_1_106' title='bbox 700 1812 864 1870; x_wconf 81' lang='lat' dir='ltr'>Simonides</span> <span class='ocrx_word' id='word_1_107' title='bbox 884 1814 959 1889; x_wconf 92' lang='lat' dir='ltr'>apud</span> 
     </span>
     <span class='ocr_line' id='line_1_17' title="bbox 175 1907 959 1983; baseline 0.001 -18"><span class='ocrx_word' id='word_1_108' title='bbox 175 1908 309 1983; x_wconf 90' lang='lat' dir='ltr'>Scopam,</span> <span class='ocrx_word' id='word_1_109' title='bbox 327 1907 498 1965; x_wconf 85' lang='lat' dir='ltr'>fortunatum</span> <span class='ocrx_word' id='word_1_110' title='bbox 520 1908 665 1964; x_wconf 88' lang='lat' dir='ltr'>hominem</span> <span class='ocrx_word' id='word_1_111' title='bbox 685 1917 714 1964; x_wconf 90' lang='lat' dir='ltr'>et</span> <span class='ocrx_word' id='word_1_112' title='bbox 733 1909 869 1981; x_wconf 86' lang='lat' dir='ltr'>nobilem,</span> <span class='ocrx_word' id='word_1_113' title='bbox 883 1909 959 1967; x_wconf 88' lang='lat' dir='ltr'>ceci·</span> 
     </span>
     <span class='ocr_line' id='line_1_18' title="bbox 174 1993 958 2080; baseline 0.003 -20"><span class='ocrx_word' id='word_1_114' title='bbox 174 2003 318 2079; x_wconf 88' lang='lat' dir='ltr'>nissetque</span> <span class='ocrx_word' id='word_1_115' title='bbox 338 2003 367 2061; x_wconf 94' lang='lat' dir='ltr'>id</span> <span class='ocrx_word' id='word_1_116' title='bbox 388 2021 514 2074; x_wconf 88' lang='lat' dir='ltr'>carmen,</span> <span class='ocrx_word' id='word_1_117' title='bbox 528 2003 604 2077; x_wconf 91' lang='lat' dir='ltr'>quod</span> <span class='ocrx_word' id='word_1_118' title='bbox 618 2003 647 2059; x_wconf 94' lang='lat' dir='ltr'>in</span> <span class='ocrx_word' id='word_1_119' title='bbox 662 2022 727 2060; x_wconf 89' lang='lat' dir='ltr'>eum</span> <span class='ocrx_word' id='word_1_120' title='bbox 744 2004 912 2080; x_wconf 84' lang='lat' dir='ltr'>scripsisset,</span> <span class='ocrx_word' id='word_1_121' title='bbox 927 1993 958 2062; x_wconf 85' lang='lat' dir='ltr'>iri</span> 
     </span>
     <span class='ocr_line' id='line_1_19' title="bbox 174 2100 958 2177; baseline 0.001 -19"><span class='ocrx_word' id='word_1_122' title='bbox 174 2118 231 2177; x_wconf 93' lang='lat' dir='ltr'>quo</span> <span class='ocrx_word' id='word_1_123' title='bbox 252 2101 350 2172; x_wconf 89' lang='lat' dir='ltr'>multa,</span> <span class='ocrx_word' id='word_1_124' title='bbox 371 2100 492 2157; x_wconf 89' lang='lat' dir='ltr'>ornandi</span> <span class='ocrx_word' id='word_1_125' title='bbox 520 2100 618 2171; x_wconf 68' lang='lat' dir='ltr'>cansa,</span> <span class='ocrx_word' id='word_1_126' title='bbox 641 2104 790 2177; x_wconf 70' lang='lat' dir='ltr'>poetarum</span> <span class='ocrx_word' id='word_1_127' title='bbox 816 2120 906 2174; x_wconf 89' lang='lat' dir='ltr'>more,</span> <span class='ocrx_word' id='word_1_128' title='bbox 927 2102 958 2159; x_wconf 93' lang='lat' dir='ltr'>in</span> 
     </span>
     <span class='ocr_line' id='line_1_20' title="bbox 174 2196 957 2271; baseline 0 -16"><span class='ocrx_word' id='word_1_129' title='bbox 174 2197 321 2255; x_wconf 79' lang='lat' dir='ltr'>Castorem</span> <span class='ocrx_word' id='word_1_130' title='bbox 348 2197 455 2271; x_wconf 80' lang='lat' dir='ltr'>scripta</span> <span class='ocrx_word' id='word_1_131' title='bbox 480 2208 509 2255; x_wconf 89' lang='lat' dir='ltr'>et</span> <span class='ocrx_word' id='word_1_132' title='bbox 534 2196 683 2253; x_wconf 88' lang='lat' dir='ltr'>Pollucem</span> <span class='ocrx_word' id='word_1_133' title='bbox 714 2196 844 2269; x_wconf 87' lang='lat' dir='ltr'>fuissent,</span> <span class='ocrx_word' id='word_1_134' title='bbox 869 2197 957 2255; x_wconf 91' lang='lat' dir='ltr'>nimis</span> 
     </span>
     <span class='ocr_line' id='line_1_21' title="bbox 127 2292 958 2370; baseline 0.002 -21"><span class='ocrx_word' id='word_1_135' title='bbox 127 2300 159 2349; x_wconf 77' lang='lat'>2⁰</span> <span class='ocrx_word' id='word_1_136' title='bbox 174 2292 253 2349; x_wconf 88' lang='lat' dir='ltr'>illum</span> <span class='ocrx_word' id='word_1_137' title='bbox 267 2292 381 2349; x_wconf 91' lang='lat' dir='ltr'>sordide</span> <span class='ocrx_word' id='word_1_138' title='bbox 395 2292 537 2350; x_wconf 87' lang='lat' dir='ltr'>Simonidi</span> <span class='ocrx_word' id='word_1_139' title='bbox 552 2292 667 2364; x_wconf 80' lang='lat' dir='ltr'>dixisse,</span> <span class='ocrx_word' id='word_1_140' title='bbox 682 2310 713 2349; x_wconf 87' lang='lat' dir='ltr'>se</span> <span class='ocrx_word' id='word_1_141' title='bbox 726 2292 876 2351; x_wconf 91' lang='lat' dir='ltr'>dimidium</span> <span class='ocrx_word' id='word_1_142' title='bbox 896 2294 958 2370; x_wconf 87' lang='lat' dir='ltr'>ejus</span> 
     </span>
     <span class='ocr_line' id='line_1_22' title="bbox 173 2388 955 2463; baseline 0.005 -19"><span class='ocrx_word' id='word_1_143' title='bbox 173 2388 210 2459; x_wconf 91' lang='lat' dir='ltr'>ei,</span> <span class='ocrx_word' id='word_1_144' title='bbox 225 2388 300 2463; x_wconf 92' lang='lat' dir='ltr'>quod</span> <span class='ocrx_word' id='word_1_145' title='bbox 315 2399 415 2463; x_wconf 88' lang='lat' dir='ltr'>pactus</span> <span class='ocrx_word' id='word_1_146' title='bbox 429 2398 513 2459; x_wconf 86' lang='lat' dir='ltr'>esset,</span> <span class='ocrx_word' id='word_1_147' title='bbox 527 2407 579 2463; x_wconf 93' lang='lat' dir='ltr'>pro</span> <span class='ocrx_word' id='word_1_148' title='bbox 592 2388 641 2445; x_wconf 94' lang='lat' dir='ltr'>illo</span> <span class='ocrx_word' id='word_1_149' title='bbox 655 2388 792 2459; x_wconf 87' lang='lat' dir='ltr'>carmine,</span> <span class='ocrx_word' id='word_1_150' title='bbox 807 2388 955 2461; x_wconf 90' lang='lat' dir='ltr'>daturum;</span> 
     </span>
     <span class='ocr_line' id='line_1_23' title="bbox 173 2482 955 2559; baseline 0.003 -20"><span class='ocrx_word' id='word_1_151' title='bbox 173 2482 313 2557; x_wconf 87' lang='lat' dir='ltr'>reliquum</span> <span class='ocrx_word' id='word_1_152' title='bbox 328 2502 345 2541; x_wconf 95' lang='lat' dir='ltr'>a</span> <span class='ocrx_word' id='word_1_153' title='bbox 357 2484 417 2541; x_wconf 88' lang='lat' dir='ltr'>suis</span> <span class='ocrx_word' id='word_1_154' title='bbox 431 2483 615 2559; x_wconf 87' lang='lat' dir='ltr'>Tyndaridis,</span> <span class='ocrx_word' id='word_1_155' title='bbox 626 2502 695 2557; x_wconf 91' lang='lat' dir='ltr'>qnos</span> <span class='ocrx_word' id='word_1_156' title='bbox 709 2501 788 2558; x_wconf 76' lang='lat' dir='ltr'><strong>acque</strong></span> <span class='ocrx_word' id='word_1_157' title='bbox 801 2483 955 2557; x_wconf 72' lang='lat' dir='ltr'>laudasset,</span> 
     </span>
     <span class='ocr_line' id='line_1_24' title="bbox 171 2578 956 2654; baseline 0.004 -20"><span class='ocrx_word' id='word_1_158' title='bbox 171 2587 290 2654; x_wconf 88' lang='lat' dir='ltr'>peteret,</span> <span class='ocrx_word' id='word_1_159' title='bbox 305 2578 329 2636; x_wconf 89' lang='lat' dir='ltr'>si</span> <span class='ocrx_word' id='word_1_160' title='bbox 349 2580 376 2637; x_wconf 89' lang='lat' dir='ltr'>ei</span> <span class='ocrx_word' id='word_1_161' title='bbox 396 2580 546 2636; x_wconf 86' lang='lat' dir='ltr'>videretur.</span> <span class='ocrx_word' id='word_1_162' title='bbox 587 2578 676 2635; x_wconf 90' lang='lat' dir='ltr'>Paulo</span> <span class='ocrx_word' id='word_1_163' title='bbox 696 2588 760 2653; x_wconf 88' lang='lat' dir='ltr'>post</span> <span class='ocrx_word' id='word_1_164' title='bbox 779 2593 843 2635; x_wconf 86' lang='lat' dir='ltr'>esso</span> <span class='ocrx_word' id='word_1_165' title='bbox 861 2578 956 2637; x_wconf 82' lang='lat' dir='ltr'>serunt</span> 
     </span>
     <span class='ocr_line' id='line_1_25' title="bbox 172 2672 955 2749; baseline 0.004 -18"><span class='ocrx_word' id='word_1_166' title='bbox 172 2673 333 2731; x_wconf 88' lang='lat' dir='ltr'>nuntiatum</span> <span class='ocrx_word' id='word_1_167' title='bbox 354 2674 506 2745; x_wconf 89' lang='lat' dir='ltr'>Simonidi,</span> <span class='ocrx_word' id='word_1_168' title='bbox 526 2683 559 2730; x_wconf 89' lang='lat' dir='ltr'>ut</span> <span class='ocrx_word' id='word_1_169' title='bbox 577 2672 716 2747; x_wconf 81' lang='lat' dir='ltr'>prodiret3</span> <span class='ocrx_word' id='word_1_170' title='bbox 738 2673 856 2749; x_wconf 83' lang='lat' dir='ltr'>juvenes</span> <span class='ocrx_word' id='word_1_171' title='bbox 879 2684 955 2734; x_wconf 88' lang='lat' dir='ltr'>stare</span> 
     </span>
     <span class='ocr_line' id='line_1_26' title="bbox 125 2768 954 2847; baseline -0.001 -19"><span class='ocrx_word' id='word_1_172' title='bbox 125 2769 208 2828; x_wconf 65' lang='lat' dir='ltr'>ffiad</span> <span class='ocrx_word' id='word_1_173' title='bbox 226 2768 343 2845; x_wconf 87' lang='lat' dir='ltr'>januam</span> <span class='ocrx_word' id='word_1_174' title='bbox 364 2770 436 2827; x_wconf 88' lang='lat' dir='ltr'>duos</span> <span class='ocrx_word' id='word_1_175' title='bbox 455 2768 602 2844; x_wconf 88' lang='lat' dir='ltr'>quosdam,</span> <span class='ocrx_word' id='word_1_176' title='bbox 623 2768 758 2842; x_wconf 86' lang='lat' dir='ltr'>quicum</span> <span class='ocrx_word' id='word_1_177' title='bbox 781 2788 954 2847; x_wconf 85' lang='lat' dir='ltr'>magnopere</span> 
     </span>
     <span class='ocr_line' id='line_1_27' title="bbox 171 2851 954 2940; baseline 0.004 -17"><span class='ocrx_word' id='word_1_178' title='bbox 171 2874 339 2923; x_wconf 79' lang='lat' dir='ltr'>evocarent:</span> <span class='ocrx_word' id='word_1_179' title='bbox 374 2864 528 2922; x_wconf 86' lang='lat' dir='ltr'>surrexisse</span> <span class='ocrx_word' id='word_1_180' title='bbox 562 2863 652 2936; x_wconf 88' lang='lat' dir='ltr'>illurn,</span> <span class='ocrx_word' id='word_1_181' title='bbox 684 2851 822 2940; x_wconf 81' lang='lat' dir='ltr'>prodisse,</span> <span class='ocrx_word' id='word_1_182' title='bbox 849 2865 954 2926; x_wconf 87' lang='lat' dir='ltr'>vidisse</span> 
     </span>
     <span class='ocr_line' id='line_1_28' title="bbox 170 2959 952 3035; baseline 0.005 -18"><span class='ocrx_word' id='word_1_183' title='bbox 170 2960 332 3018; x_wconf 85' lang='lat' dir='ltr'>neminem:</span> <span class='ocrx_word' id='word_1_184' title='bbox 353 2960 409 3017; x_wconf 89' lang='lat' dir='ltr'>hoc</span> <span class='ocrx_word' id='word_1_185' title='bbox 423 2959 537 3017; x_wconf 90' lang='lat' dir='ltr'>interim</span> <span class='ocrx_word' id='word_1_186' title='bbox 551 2960 642 3035; x_wconf 89' lang='lat' dir='ltr'>spatio</span> <span class='ocrx_word' id='word_1_187' title='bbox 656 2961 794 3019; x_wconf 84' lang='lat' dir='ltr'>conclave</span> <span class='ocrx_word' id='word_1_188' title='bbox 808 2959 888 3033; x_wconf 92' lang='lat' dir='ltr'>illud,</span> <span class='ocrx_word' id='word_1_189' title='bbox 902 2963 952 3021; x_wconf 91' lang='lat' dir='ltr'>ubi</span> 
     </span>
     <span class='ocr_line' id='line_1_29' title="bbox 169 3056 949 3136; baseline 0.001 -20"><span class='ocrx_word' id='word_1_190' title='bbox 169 3056 331 3135; x_wconf 85' lang='lat' dir='ltr'>epularetur</span> <span class='ocrx_word' id='word_1_191' title='bbox 352 3057 469 3133; x_wconf 82' lang='lat' dir='ltr'>Scopas,</span> <span class='ocrx_word' id='word_1_192' title='bbox 487 3056 669 3117; x_wconf 69' lang='lat' dir='ltr'>concidisse:</span> <span class='ocrx_word' id='word_1_193' title='bbox 695 3056 731 3115; x_wconf 78' lang='lat' dir='ltr'>eat</span> <span class='ocrx_word' id='word_1_194' title='bbox 750 3056 834 3118; x_wconf 73' lang='lat' dir='ltr'>ruina</span> <span class='ocrx_word' id='word_1_195' title='bbox 857 3059 949 3136; x_wconf 90' lang='lat' dir='ltr'>ipsum</span> 
     </span>
    </p>
   </div>
   <div class='ocr_carea' id='block_1_3' title="bbox 0 0 1096 3575">
    <p class='ocr_par' dir='ltr' id='par_1_3' title="bbox 0 0 1096 3575">
     <span class='ocr_line' id='line_1_30' title="bbox 0 0 1096 3575; baseline 0 2"><span class='ocrx_word' id='word_1_196' title='bbox 0 0 1096 3575; x_wconf 95' lang='lat' dir='ltr'> </span> 
     </span>
    </p>
   </div>
  </div>
 </body>
</html>
