2184 3575
145 314 186 375 ⁶6
464 331 507 379 na
529 328 691 377 onaronn.
887 327 926 389 [n.
937 327 968 373 11.

191 494 258 535 unm
278 476 314 535 ad
334 492 473 537 summum
493 477 582 537 totius
604 496 697 536 oeusae
722 475 855 553 pertinet,
875 485 969 547 eante,

192 592 228 631 an
256 584 365 646 eontra,
392 574 585 631 demonstrate
612 592 658 632 res
688 572 725 631 sit
732 592 740 643 3
774 573 850 648 quod
878 570 970 631 omnis

191 669 329 727 orationis
343 669 457 743 reliquo
471 669 535 731 sons
548 678 591 727 est
604 668 736 727 narratio.

231 765 375 840 Sequitur,
389 775 421 823 ut
440 782 527 823 eausa
546 775 677 841 ponatur,
693 764 722 823 in
742 782 799 839 quo
817 762 970 822 videndum

161 866 244 933 test,
264 861 333 936 quid
352 861 382 927 in
402 862 622 929 qontrorersiam
647 862 750 920 veniat.
803 860 881 917 Tum
907 878 971 935 sug·

192 957 318 1033 gerenda
343 968 410 1014 sunt
436 957 614 1027 firmamenta
638 976 733 1015 oausm
759 957 922 1032 oonjuuote,
942 965 972 1013 et

192 1052 369 1111 infirmandis
403 1052 563 1123 contrariis,
595 1062 625 1111 et
659 1052 716 1111 tuis
751 1051 971 1110 confirmandis:

192 1167 315 1229 namque
334 1168 392 1207 una
413 1149 443 1206 in
469 1149 564 1206 oensis
589 1149 661 1207 ratio
687 1147 816 1222 quedam
842 1158 886 1205 est
910 1147 972 1223 ejus

191 1244 338 1317 orationis,
358 1264 422 1319 qum
443 1245 478 1301 ad
497 1243 684 1320 probandam,
700 1242 973 1320 argumentationem

148 1356 179 1405 te
193 1340 275 1397 vuiet.
330 1340 374 1398 En
393 1350 487 1399 autem
507 1340 800 1407 etoonfirmationem
826 1349 856 1396 et
881 1356 974 1413 repre-

193 1436 360 1495 hensionem
381 1435 497 1509 quaerit:
519 1434 581 1506 sed,
600 1435 668 1512 quin
690 1453 782 1509 neque
805 1432 974 1509 reprehendi

193 1516 371 1609 quaeoontre
382 1532 527 1603 dicuntur,
541 1541 668 1607 possunt,
682 1530 737 1587 uisi
751 1540 801 1587 tua
814 1528 973 1601 confirmes,

193 1646 286 1703 neque
313 1628 376 1685 heo
401 1627 576 1698 confirmari,
601 1626 657 1683 nisi
686 1626 735 1683 illa
765 1625 973 1701 reprehendam

194 1724 303 1781 ideireo
323 1725 385 1781 hmo
398 1733 428 1780 et
439 1722 552 1796 naturai,
566 1732 595 1781 et
608 1722 738 1795 utilitate,
752 1732 781 1779 et
794 1721 974 1797 tractatione,

149 1829 180 1880 15
195 1820 350 1902 oonJunota
362 1830 436 1892 sunt.

233 1917 340 1975 Omnia
362 1927 456 1975 autern
480 1917 680 1976 oonoludende
700 1916 867 1992 plerumque
889 1917 976 1974 rebus

195 2014 343 2091 augendis,
355 2013 398 2070 vel
413 2013 614 2072 inflammando
625 2012 732 2090 judioe,
744 2013 787 2070 vei
802 2013 974 2090 mitigando:

195 2110 348 2185 omniaque
364 2125 433 2169 'oum
455 2110 649 2186 superioribus
668 2109 806 2168 orationis
818 2109 900 2180 loeis,
914 2119 976 2167 turn

195 2207 317 2268 maxime
350 2217 484 2283 extremo,
519 2206 554 2264 ad
586 2215 697 2264 mentes
728 2205 858 2282 judioum
890 2223 976 2280 quem

150 2314 181 2364 20
196 2304 318 2379 manime
337 2303 552 2378 permovendas,
572 2312 602 2360 et
621 2302 657 2360 ad
677 2301 827 2360 utilitatem
850 2310 976 2360 nostram

197 2399 349 2471 vocandae,
364 2399 538 2458 eonferenda
550 2407 625 2458 sunt.

237 2495 340 2570 Neque
372 2513 441 2553 saue
469 2495 538 2571 jam
562 2513 649 2552 oausn
681 2493 790 2553 videtur
822 2460 895 2568 esse,
923 2513 977 2552 our

197 2609 379 2650 secernamus
406 2609 440 2649 ea
464 2600 615 2666 praeoepta,
643 2609 705 2664 quoe
731 2590 767 2649 de
797 2589 978 2649 suasionibus

198 2668 337 2744 tradenda
361 2695 436 2758 sunt,
464 2694 521 2768 uut¹
540 2685 768 2756 laudationibus3
801 2695 867 2742 suut
898 2685 978 2744 enirn

151 2795 184 2845 25
197 2781 331 2858 pleraque
351 2781 531 2840 eommunia:
552 2780 604 2838 sed
616 2767 844 2839 tameneuadere
860 2779 977 2856 aliquid,

199 2887 247 2947 tut
273 2877 645 2954 dissuaderqqravissimae
675 2877 746 2937 mihi
772 2876 882 2938 videtur
913 2894 979 2936 esse

198 2991 334 3052 persone.
374 2959 451 3032 Nam
470 2985 499 3034 et
517 2973 654 3051 sapientis
677 2982 733 3041 est,
753 2974 905 3036 eonsilium
929 2992 978 3034 ex·

1076 363 1080 466 Ι
