2184 3575
129 335 221 398 arn]
410 341 453 388 na
474 339 638 388 carrona.
901 327 955 389 1⁰1

167 487 238 548 XII.
267 487 378 565 Quare,
393 508 459 549 cunr
478 491 516 548 sit
534 490 664 568 quadam
684 497 765 548 certa
782 507 837 548 rox
851 487 912 548 Ro·

128 585 206 642 mani
232 587 345 663 generis
374 587 509 664 urbisque
540 587 666 664 propria,
693 585 723 644 in
749 586 807 663 qul
838 583 910 644 nihil

128 661 245 754 ouenlr,
259 679 330 740 nitu
344 683 505 759 displicere,
519 681 591 740 nnn
612 683 797 741 animadvers
810 682 910 759 possit,

128 776 199 834 nihil
218 797 319 836 sonare
340 789 388 837 aut
408 779 485 836 olere
504 779 702 856 peregrinum3
722 779 799 836 hanc
811 797 911 854 sequa·

128 886 208 944 mur3
235 893 328 951 neque
355 875 445 932 solum
472 875 610 933 rusticam
643 875 833 951 asperitatem,
859 874 940 932 sads
956 872 994 928 V

127 967 213 1026 ctiam
233 970 412 1047 peregrinam
433 970 621 1042 insolentiam,
638 970 736 1047 lugere
756 970 908 1028 discamus.

128 1063 279 1139 Equidem,
308 1083 374 1123 curu
401 1066 486 1124 audio
519 1084 633 1123 socrum
666 1085 759 1124 meam
791 1065 909 1124 Lreliam

129 1158 255 1237 (facilius
269 1161 345 1219 enim
359 1161 492 1219 mulieres
506 1161 698 1237 incorruptam
714 1162 910 1238 antiquitatem

128 1266 307 1329 conservant,
327 1258 413 1333 quod,
433 1257 587 1315 multorum
607 1258 745 1316 sermonis
770 1268 908 1334 expertes,

127 1361 281 1409 catenant
300 1371 420 1428 semper,
441 1371 503 1428 quar
523 1353 616 1430 prima
638 1353 831 1432 didicerunt);
858 1354 910 1411 sed
924 1361 956 1410 1⁰

128 1464 191 1504 eam
215 1447 257 1505 sic
281 1449 376 1520 audio,
400 1459 431 1507 ut
453 1449 585 1507 Plautum
609 1449 679 1506 mihi
704 1459 752 1507 aut
777 1449 910 1508 Narium

128 1543 224 1600 videar
251 1544 364 1602 audire:
398 1563 468 1602 sono
495 1545 557 1620 ipso
590 1545 669 1602 uocis
702 1544 743 1602 ita
773 1555 854 1603 recto
880 1555 914 1604 et·

127 1641 250 1716 simplici
264 1652 316 1714 est,
331 1651 363 1699 ut
376 1642 446 1700 nihil
461 1643 659 1701 ostentationis
679 1653 728 1701 aut
741 1643 909 1702 imitationis

128 1737 227 1796 afferre
247 1736 391 1797 videatur:
412 1756 448 1796 ex
468 1757 525 1814 quo
545 1737 589 1796 sic
608 1738 736 1797 locutum
758 1757 820 1798 esse
846 1739 908 1816 ejus

125 1843 234 1909 patrem
252 1834 361 1911 judico,
375 1834 419 1893 sic
438 1835 575 1912 majores3
597 1854 656 1893 non
677 1854 785 1912 aspere,
799 1846 831 1893 ut
850 1836 907 1909 ille,
923 1836 954 1885 15

127 1947 211 2003 quem
231 1930 299 2002 dixi,
320 1949 378 1987 non
398 1939 485 2002 vaste,
506 1931 702 2003 acunumiae,
723 1950 781 1991 non
801 1932 908 2005 hiulce,

126 2025 176 2082 sed
201 2044 307 2102 presse,
335 2035 363 2084 et
390 2026 575 2101 aequabiliter,
603 2037 632 2083 ct
656 2026 767 2085 leniter.
806 2025 909 2090 Quare

126 2119 213 2178 Cotta
231 2130 337 2192 noster,
351 2121 433 2197 cujus
446 2132 477 2179 tu
494 2121 543 2179 illa
562 2122 629 2193 lata,
645 2122 765 2198 Sulpici,
779 2142 909 2180 nonnun-

126 2232 211 2291 quam
225 2215 354 2287 imitaris,
369 2225 400 2273 ut
413 2217 473 2273 iota
486 2216 596 2274 literam
613 2216 704 2289 tollas,
718 2227 748 2275 et
761 2218 794 2275 E
805 2217 910 2294 plenis-

126 2311 229 2368 simum
249 2310 339 2382 dicas,
360 2330 417 2369 non
444 2311 514 2369 mihi
539 2322 667 2371 oratores
693 2314 833 2390 antiquos,
857 2314 953 2373 ΜΝ)

125 2424 276 2478 messores,
290 2406 400 2465 ridetur
414 2406 527 2467 imitari.

164 2500 225 2562 Hic
245 2522 314 2561 eum
339 2502 477 2561 arrisisset
501 2503 561 2581 ipse
585 2492 740 2581 Sulpicius,
755 2506 805 2565 Sic
826 2527 908 2585 agam

90 2628 95 2637 ·
125 2598 282 2671 vobiscum,
297 2598 390 2674 inquit
409 2600 540 2672 Crassus,
554 2610 596 2672 ut,
611 2602 745 2676 quoniam
765 2623 811 2662 me
828 2603 908 2679 loqui

125 2694 263 2767 voluistis,
278 2694 384 2770 aliquid
405 2696 441 2753 de
460 2696 562 2754 restria
582 2696 657 2754 vitiis
677 2698 808 2758 audiatis.
847 2700 909 2759 llti·

125 2809 191 2849 nam
211 2790 342 2867 quideml
371 2790 469 2867 inquit
482 2792 545 2850 ille:
572 2792 601 2849 id
621 2793 698 2851 enim
718 2793 810 2871 ipsum
830 2796 952 2854 volu-26

125 2904 205 2956 mus3
228 2887 318 2962 'idque
337 2885 362 2943 si
382 2886 495 2960 leceris,
515 2888 606 2946 multa
632 2887 678 2966 (ut
704 2890 839 2969 arbitror)
860 2891 910 2950 laic

126 2980 212 3039 hodie
231 2982 301 3040 vitia
318 3000 466 3059 ponemus.
520 2982 658 3042 atenim
679 3003 737 3044 non
761 2986 824 3044 sine
844 3006 910 3046 meo

125 3075 265 3156 periculo,
291 3076 413 3137 Crassus
446 3077 548 3156 inquit,
580 3098 705 3157 possum,
732 3080 854 3160 Sulpici,
880 3090 910 3140 te

359 3172 405 3234 9·
