2184 3575
119 311 200 371 uur
402 308 445 357 us
467 307 631 385 onerose
911 295 953 356 28

118 460 192 517 nihil
213 458 339 530 heberet,
353 457 426 516 nihil
447 476 509 516 esse
529 456 558 515 ei
577 456 709 513 relietum
729 456 904 531 putaretur?

119 556 200 613 Tum
226 574 261 613 ex
286 555 360 613 libro
386 553 480 625 tertio,
508 553 540 611 in
565 571 622 628 quo
647 552 734 610 finem
760 550 906 609 scribendi

121 650 190 709 seuit
205 651 260 729 (tot
273 651 361 722 enim,
375 660 407 709 ut
421 650 516 709 audivi
537 649 694 707 Seaevolsm
715 647 822 719 dicere,
838 657 906 705 sunt

120 748 180 812 veri
194 748 274 805 Bruti
288 746 368 827 libri)
384 754 402 779 “
413 747 448 805 In
461 745 579 805 Tiburti
593 745 666 803 forte
680 744 838 803 assedimus
850 762 905 820 ego

120 855 149 903 et
168 844 287 903 Marcus
314 844 417 903 filius.”
460 842 545 901 “Ubi
566 853 633 900 suut
652 842 674 899 ii
694 841 785 912 fundi,
805 840 936 911 Brute,5

119 959 192 1016 quos
206 940 260 999 tibi
279 951 359 1017 peter
379 940 503 1017 publicis
523 938 737 999 commentariis
756 937 905 1015 eousigus·

119 1046 164 1095 tos
184 1036 317 1113 reliquitl
362 1037 462 1109 Quod,
483 1036 538 1094 nisi
558 1037 695 1112 puberem
715 1036 772 1106 te,’'
800 1033 903 1108 iuquit,

119 1140 138 1167 ⁴⁶
148 1134 208 1210 jsm
226 1133 354 1204 heberet,
369 1144 500 1209 quartum
519 1133 624 1191 librum
642 1131 861 1207 composuisset,
874 1140 904 1187 et

119 1250 151 1288 se
171 1231 258 1287 etism
278 1231 309 1292 in
329 1231 438 1288 bulueis
464 1232 555 1288 lotum
582 1248 648 1288 eum
675 1229 745 1300 filio,
766 1228 905 1303 seriptum

120 1326 310 1401 reliquisset.’'
349 1326 428 1389 Quis
448 1337 491 1383 est
511 1326 609 1402 igitur,
624 1325 672 1399 qui
692 1344 751 1382 uon
772 1323 903 1396 latentur,
920 1329 951 1381 1⁰

120 1422 178 1480 hoe
192 1423 298 1497 lepore,
314 1433 397 1497 atque
418 1422 463 1479 his
483 1422 605 1493 facetiis,
618 1440 676 1479 non
690 1420 785 1479 minus
802 1420 905 1477 refute-

119 1530 181 1578 tum
195 1538 257 1577 esse
272 1520 403 1591 Brutum,
417 1538 501 1594 quum
516 1518 574 1577 illis
592 1517 748 1595 trngoediis,
763 1536 834 1591 quus
846 1517 906 1594 egit

119 1614 207 1687 idem,
218 1634 285 1673 eum
299 1634 369 1675 essu
383 1616 413 1674 iu
426 1615 528 1673 eidem
542 1614 631 1673 causi
645 1614 905 1683 lunereefferretur

121 1732 192 1771 suus
218 1712 325 1771 Juninl
365 1712 432 1784 Pro,
460 1711 509 1769 Dii
537 1711 726 1769 immortales!
761 1728 824 1785 qum
851 1708 906 1767 suit

119 1809 178 1881 ills,
210 1819 316 1884 quauta
352 1807 410 1866 vis!
448 1827 533 1884 quam
569 1808 781 1884 inexspectata!
819 1811 952 1882 qusm15

120 1905 285 1981 repentina!
320 1923 396 1977 eum,
422 1904 563 1980 eunjeutis
588 1904 692 1975 oeulis,
716 1914 799 1981 gestu
825 1903 905 1962 omui

120 2001 291 2072 imminenti,
305 2001 416 2058 summi
436 2001 575 2078 gravitate
595 2010 625 2058 et
643 1999 791 2058 eeleritate
806 2000 905 2058 verbo-

118 2117 193 2168 rum,
209 2104 227 2130 “
238 2097 336 2167 Brute,
350 2097 418 2171 quid
431 2097 532 2154 sedesl
557 2096 626 2172 quid
639 2096 717 2153 illam
732 2114 817 2154 uuum
830 2095 905 2171 petri

119 2193 254 2252 nuntiare
277 2192 319 2250 vis
342 2194 414 2250 tuul
444 2192 512 2268 quid
536 2192 594 2249 illis
617 2192 760 2263 omuibus,
781 2209 905 2266 quorum

120 2289 262 2366 imagines
275 2288 343 2348 duei
356 2288 455 2347 videsl
475 2288 544 2363 quid
564 2288 721 2365 majoribus
739 2287 816 2346 tuisl
836 2287 906 2363 quid
920 2299 952 2350 Β]

119 2386 154 2444 L.
183 2385 283 2457 Bruto,
310 2384 359 2461 qui
387 2384 465 2442 huus
490 2384 626 2461 populum
653 2384 803 2442 dominatu
825 2384 906 2462 regio

119 2485 271 2544 liberavitl
301 2484 370 2560 quid
395 2493 424 2540 ts
447 2484 562 2542 laeerel
590 2483 639 2541 sui
659 2483 712 2555 rei,
727 2483 776 2541 eui
796 2482 905 2561 glorier,

120 2581 170 2640 eui
191 2581 289 2639 virtuti
312 2580 447 2639 studerel
474 2579 685 2656 patrimonioue
707 2580 856 2658 sugendel
877 2589 906 2639 at

120 2677 151 2737 id
171 2695 230 2736 nou
250 2687 294 2736 est
313 2676 485 2736 nobilitatis:
507 2677 557 2734 sed
578 2677 625 2734 lue
637 2695 710 2749 esse,
724 2677 795 2736 nibil
809 2695 906 2754 super·

120 2782 181 2844 est;
216 2773 349 2832 libidines
385 2782 477 2831 totum
514 2771 737 2849 dissipaverunt:
777 2791 812 2830 sn
847 2771 905 2849 juri
920 2784 952 2836 π

121 2869 220 2928 eirilil
240 2878 284 2928 est
302 2880 469 2946 paternum:
496 2870 546 2928 sed
567 2869 655 2942 dicet,
675 2879 715 2942 te,
736 2888 803 2928 eum
825 2869 906 2928 edes

119 2965 270 3037 venderes,
284 2985 321 3026 ue
335 2965 365 3024 iu
379 2966 450 3025 rutis
464 2965 580 3041 quidem
593 2965 718 3024 elensis
735 2965 839 3024 solium
852 2965 907 3024 tibi

120 3070 272 3140 paternum
298 3062 458 3139 recepisse:
483 3079 519 3120 sn
539 3061 583 3120 rei
602 3061 739 3122 milituril
765 3060 815 3138 qui
834 3080 907 3120 uuu-
