2184 3575
119 354 211 415 nun]
400 353 443 404 oe
466 352 629 402 oneroso.
892 343 950 402 157

119 503 150 562 in
171 501 244 560 coelo
263 511 443 573 statueretur,
458 500 507 559 ubi
527 500 619 558 imber
638 517 702 558 esse
720 517 780 558 non
796 509 902 575 posset,

119 598 227 656 nullam
247 597 309 654 sine
329 598 442 674 fastigio
462 597 631 675 dignitatem
654 595 817 656 habitururn
839 615 904 654 esse

120 693 256 750 videatur.
511 691 513 698 '
695 709 697 715 ’

159 789 224 848 Ηοο
239 790 268 849 in
281 790 415 849 omnibus
428 789 496 848 item
510 791 637 866 partibus
651 789 788 847 orationis
798 790 903 862 evenit,

119 895 152 944 ut
177 887 339 958 utilitatem,
367 904 402 944 ac
427 904 516 963 prope
542 878 753 956 necessitatemss
780 886 935 944 suavitaa5

119 983 248 1059 quaedam
262 993 291 1040 et
303 983 383 1057 lepos
404 991 602 1055 consequatur.
644 981 795 1038 Clausulas
815 980 903 1053 euim,

120 1089 204 1153 atque
224 1078 406 1153 interpuncta
426 1077 587 1148 verborum,
608 1077 709 1136 animae
736 1076 905 1134 interclusio

121 1185 205 1251 atque
220 1174 356 1250 angustiae
370 1173 485 1249 spiritds
505 1175 668 1232 attulerunt.
708 1173 743 1230 Id
756 1173 904 1232 inventum

120 1269 161 1328 ita
173 1282 216 1326 est
229 1288 324 1341 suave,
336 1279 376 1341 ut,
387 1269 411 1327 si
426 1269 473 1328 cui
487 1250 526 1328 sit
537 1269 667 1327 infinitus
679 1269 794 1345 spiritua
809 1270 903 1342 datus,

120 1374 215 1424 tamen
236 1383 302 1422 eum
322 1375 489 1441 perpetuare
509 1365 597 1423 verba
615 1364 755 1423 nolimus:
777 1366 807 1422 id
826 1367 904 1424 enim
919 1375 952 1427 lu

121 1461 237 1519 auribus
250 1461 355 1518 nostris
372 1471 483 1538 gratum
497 1471 540 1520 eat
555 1461 711 1533 inventum,
725 1461 800 1536 quod
814 1461 905 1519 homi·

119 1575 188 1614 num
209 1556 345 1615 lateribus
364 1577 421 1615 nou
441 1556 591 1616 tolerabile
616 1557 719 1629 solum,
739 1557 790 1614 sed
816 1556 904 1614 etiam

120 1651 215 1723 facile,
229 1669 292 1708 esse
306 1661 409 1728 posset„

158 1842 280 1903 XLVII.
312 1844 492 1922 Longissima
530 1855 574 1903 est
614 1844 701 1922 igitur
742 1844 903 1921 complexio

119 1941 279 2012 verborum,
300 1960 362 2015 quae
389 1942 463 2000 volvi
489 1960 549 1999 uno
575 1942 675 2018 spiritu
701 1952 802 2019 potest
843 1942 903 2001 Sed
919 1940 952 1991 15

119 2035 168 2093 hic
181 2046 289 2093 naturae
303 2037 404 2093 modus
418 2045 470 2108 ert,
486 2036 554 2094 artis
575 2038 662 2094 alius:
683 2054 750 2095 nam
766 2057 833 2095 cum
847 2038 904 2095 sint

119 2132 231 2190 numeri
244 2133 353 2208 plures;
376 2133 500 2191 iambum
515 2144 544 2191 et
558 2134 713 2192 trochaeum
727 2135 905 2209 frequentem

120 2238 253 2305 segregat
273 2227 308 2285 ab
334 2238 445 2285 oratore
465 2228 646 2301 Aristoteles,
667 2230 780 2301 Catule,
802 2240 906 2302 vester,

121 2322 170 2399 qui
194 2322 295 2381 naturai
319 2332 414 2381 tamen
438 2324 587 2382 incurrunt
614 2324 668 2400 ipsi
691 2325 721 2382 in
745 2326 904 2384 orationem

85 2489 87 2495 Α
120 2436 337 2493 sermonemque
357 2431 500 2490 nostrum3
529 2419 580 2478 sed
606 2430 672 2493 sunt
696 2421 823 2499 insigues
841 2440 904 2498 per·
920 2428 951 2478 2⁰

121 2515 268 2573 cussiones
294 2533 392 2573 corum
419 2534 611 2588 numerorum,
631 2526 660 2573 et
679 2517 782 2575 minuti
807 2519 902 2594 pedes.

120 2611 221 2674 Quare
241 2612 361 2687 primum
384 2612 418 2669 ad
438 2613 558 2670 heroum
584 2631 640 2671 nos
664 2614 768 2690 dactyli
788 2625 817 2673 et
838 2634 905 2674 ana-

120 2707 200 2784 pesti
221 2717 249 2765 et
268 2707 387 2783 spondei
406 2709 508 2784 pedem
529 2709 645 2781 invitat3
667 2710 767 2785 inquo
786 2711 904 2788 impune

119 2804 253 2881 progredi
279 2804 349 2861 licet
375 2804 433 2863 duo
460 2806 597 2864 duntaxat
621 2807 718 2883 pedes,
747 2818 796 2865 aut
817 2808 902 2884 paolo

120 2898 194 2977 plus,
221 2917 258 2957 ne
283 2900 367 2977 plane
399 2900 429 2959 in
461 2920 573 2961 versum
607 2912 655 2961 aut
687 2903 904 2962 similitudinem
918 2918 950 2969 25

120 3012 252 3055 versuum
266 2996 433 3060 incidamus.
474 2998 550 3059 Alia
569 3008 635 3059 sunt
654 2999 786 3078 gemine,
800 3000 904 3077 quibus

200 3108 264 3151 ron.
278 3110 310 3151 n.
431 3093 481 3153 14*
