2184 3575
135 327 214 388 nn]
284 342 292 372 ι
415 327 642 380 nnonnuonn
919 319 960 378 'tt

133 491 241 548 errore,
255 483 284 532 et
297 473 345 534 ille
359 473 544 535 admiratione
564 476 709 548 liberatus,
723 473 801 550 quod
817 473 914 534 multia

135 592 203 632 oum
223 573 285 632 eliis
304 591 413 650 semper
435 573 568 632 admirari
587 573 722 646 solebam,
742 573 820 631 unde
839 583 914 632 esset

136 669 186 727 illa
204 679 283 728 tanta
301 678 351 728 tua
366 669 400 727 in'
420 669 514 728 oausis
534 669 683 728 divinitas:
709 687 766 727 neo
787 668 865 727 enim
884 678 914 728 te

135 765 191 824 ista
210 765 336 842 attigisse
356 765 520 836 arbitrabar,
534 749 597 840 que
617 765 834 842 diligentissime
849 783 915 841 eog-

134 859 228 932 udase,
256 869 285 918 et
310 860 436 936 undique
468 861 628 938 collegisse,
655 879 764 936 usuque
796 860 944 918 doetumo

133 955 237 1031 partim
263 955 429 1027 correxisse,
456 956 549 1027 video,
570 956 678 1031 partim
703 956 912 1032 eomproblsse.

133 1051 238 1126 Neque
264 1070 301 1108 eo
326 1051 419 1110 minus
445 1051 635 1126 eloquentiam
660 1061 749 1124 tuam,
773 1061 803 1110 et
825 1051 914 1112 multo

134 1148 226 1224 tnagis
240 1147 370 1205 uirtutem
392 1157 421 1205 et
437 1147 625 1224 diligentiam,
639 1147 770 1220 admiror,
783 1159 814 1206 et
828 1148 912 1206 simul

132 1243 256 1320 gaudeo,
274 1242 414 1319 judicium
435 1243 522 1301 animi
542 1243 599 1300 mei
626 1242 816 1318 comprobari,
836 1243 913 1319 quod

134 1357 244 1414 semper
271 1337 366 1409 statui,
393 1338 537 1395 neminem
570 1338 715 1413 sapientire
744 1338 858 1400 laudem
883 1349 913 1398 et
927 1346 959 1396 lo

133 1433 313 1508 eloquentie,
341 1433 403 1490 sine
436 1451 547 1490 summo
579 1433 675 1491 studio
707 1443 736 1491 et
761 1433 858 1491 labore
883 1444 914 1492 et

134 1528 275 1596 deornm,
290 1527 427 1602 consequi
446 1529 537 1603 posse.
585 1527 642 1585 Sed
663 1537 759 1587 tamen
778 1527 913 1602 quidnam

133 1633 178 1680 eet
197 1623 236 1694 id,
250 1623 327 1698 quod
347 1624 452 1696 dixisti,
474 1624 545 1696 fore,
565 1633 600 1682 ut
616 1623 669 1683 tibi
688 1623 912 1701 ignosceremus,

133 1719 159 1778 si
176 1719 389 1798 oogndssernus,
404 1739 466 1797 quae
484 1730 513 1778 te
533 1739 622 1778 eausa
639 1720 669 1778 in
684 1738 845 1790 sermonem
864 1719 914 1778 im·

132 1802 293 1892 polissetl2
330 1817 406 1879 Quae
441 1827 486 1875 est
522 1818 599 1875 enim
636 1817 691 1876 elia
727 1836 823 1890 eausa,
856 1816 912 1875 nisi
929 1829 960 1879 15

133 1912 208 1986 quod
234 1912 327 1984 nobis,
355 1923 384 1971 et
419 1913 520 1971 horum
557 1914 780 1984 adolescentium
806 1913 912 1986 studio,

133 2006 183 2081 qui
209 2016 237 2065 te
264 2008 450 2067 attentissime
484 2008 647 2082 audierunt,
675 2027 785 2067 morem
812 2027 912 2087 gerere

133 2103 268 2161 voluistil
868 2154 871 2159 .

173 2196 252 2255 Tum
272 2196 329 2269 ille,
344 2198 490 2271 Adimore,
511 2199 612 2275 inquit,
626 2217 740 2257 omnem
759 2197 913 2257 recusatio·

133 2310 200 2351 nem
221 2291 326 2351 Crasso
346 2293 433 2366 volui,
447 2313 531 2370 quem
552 2312 607 2371 ego
619 2295 704 2371 paulo
718 2294 849 2352 ¹soiebam
868 2293 912 2351 vel
927 2301 961 2353 2⁰

133 2388 285 2467 pudentius
299 2388 342 2447 vel
363 2388 479 2447 invitius
497 2388 579 2467 (nolo
598 2390 675 2447 enim
694 2389 841 2448 diomede
854 2401 912 2449 tam

134 2485 213 2545 suavi
233 2485 348 2545 homine
368 2485 556 2566 fastidiosius)
577 2485 613 2544 ad
632 2486 694 2547 hoo„
705 2504 797 2563 genus
810 2505 913 2545 sermo·

131 2582 178 2641 nis
199 2582 345 2641 aooedere.
385 2581 467 2644 Quid
488 2582 565 2641 enim
584 2582 689 2660 poterit
708 2582 824 2641 dioerel
846 2600 913 2647 oon-

133 2679 256 2740 sularern
269 2698 300 2737 se
314 2697 377 2737 esse
396 2678 541 2737 hominem
561 2689 591 2737 et
611 2678 793 2737 censoriuml
812 2678 913 2737 eadem

132 2785 231 2835 nostra
250 2794 338 2834 eausa
356 2787 407 2835 est.
455 2776 504 2835 An
524 2786 636 2835 aetatem
658 2775 914 2851 afferettquadri·
928 2780 961 2833 25

134 2871 220 2929 sunio
233 2872 325 2931 minor
338 2881 389 2933 est.
429 2872 523 2941 Anae
536 2872 669 2932 nesciret
689 2890 752 2947 quse
769 2888 825 2949 ego
837 2889 912 2944 sero,

135 2984 199 3043 qua
230 2968 347 3043 oursim,
381 2967 497 3045 arripui,
529 2986 593 3045 que
630 2967 788 3029 subsooirla
818 2967 913 3045 operio
