2184 3575
121 355 222 418 nm]
248 329 250 335 ⁴
412 355 456 402 nu
478 357 643 408 cernone
906 343 960 407 nt

129 507 179 582 qui
206 503 411 578 Xenocratem,
435 505 555 564 Polemo
580 516 612 565 et
637 506 761 563 Crantor
784 505 856 564 nihil
877 506 917 564 ub

130 603 297 675 Aristotele,
318 604 367 678 qui
388 603 446 660 una
468 603 598 661 audierat
619 603 780 675 Platonem,
800 621 917 679 magno·

88 706 91 710 ’
131 717 199 775 pere
213 699 362 756 dissensit:
384 697 468 774 cupid
483 698 611 770 fortasse,
626 708 656 756 et
668 699 805 756 verietate
821 698 919 756 dicen-

131 795 170 866 di,
190 814 273 871 pares
293 813 351 852 non
373 781 496 852 fuerunt.
548 795 695 853 Arcesilas
713 795 847 871 primum,
868 794 918 870 qui

129 891 314 950 Polemonem
343 891 481 960 audieret,
502 909 538 947 en
561 891 647 947 variis
670 890 801 948 ⁴Plutonis
826 890 948 963 libris,5
1032 942 1036 959 ,

130 987 365 1062 sermonibusque
386 985 554 1058 Socraticis,
569 987 626 1043 hoc
645 987 768 1043 maxime
779 985 916 1062 arripuit,

130 1082 202 1140 nihil
223 1101 286 1140 esse
307 1083 388 1154 certi,
410 1083 487 1158 quod
511 1093 560 1140 aut
586 1083 718 1140 sensibus
745 1093 795 1140 eut
821 1083 918 1140 animo

130 1180 240 1256 percipi
263 1181 368 1256 possit:
402 1199 487 1256 quem
521 1181 624 1252 lerunt,
656 1180 762 1238 eximio
793 1181 918 1256 quodam

132 1294 216 1335 usum
248 1277 345 1352 lepore
371 1277 496 1346 dicendi,
525 1287 706 1351 aspernatum
736 1295 800 1336 esse
831 1293 917 1333 omne

134 1372 222 1429 animi
233 1372 389 1446 sensfisque
399 1373 551 1448 judicium,
561 1371 742 1448 primumque
752 1371 918 1444 instituisse,
932 1374 963 1423 Β]

134 1466 308 1545 (quanquam
336 1468 365 1524 id
392 1468 445 1525 luit
471 1467 652 1524 Socraticum
685 1467 822 1545 maxime)
849 1485 918 1539 non,

133 1563 202 1640 quid
228 1564 288 1639 ipse
314 1565 441 1634 sentiret,
469 1563 639 1633 ostendere;
673 1564 725 1620 sed
751 1573 852 1621 contre
877 1563 917 1636 id,

133 1660 207 1735 quod
223 1659 342 1735 quisque
355 1677 386 1716 se
400 1659 506 1716 sentire
518 1658 647 1729 dixisset,
661 1656 814 1733 disputere.
854 1678 857 1684 ¹
900 1700 904 1707 .

172 1755 252 1814 Hinc
272 1755 334 1813 hec
357 1754 501 1813 recentior
527 1753 688 1813 Academis
713 1753 866 1827 emanarit,
886 1753 917 1812 in

131 1853 188 1929 qud
213 1852 321 1910 exstitit
346 1852 444 1909 divine
469 1851 594 1926 quddam
627 1850 775 1908 celeritate
807 1851 916 1928 ingenii
933 1853 964 1904 15

132 1950 304 2023 dicendique
331 1948 414 2025 cupid
444 1947 625 2017 Carneadem
659 1946 743 2022 cujus
775 1965 830 2025 ego
863 1947 917 2005 etsi

132 2046 237 2103 multos
258 2044 545 2120 auditorescognovi
573 2043 704 2115 Athenis,
729 2052 826 2101 temen
851 2061 918 2101 anc-

131 2152 209 2199 tores
236 2140 409 2201 certissimos
435 2139 552 2195 laudare
576 2156 703 2213 possum,
731 2149 760 2195 et
785 2155 918 2195 socerum

133 2254 228 2293 meum
243 2235 410 2305 Scaevolam,
425 2235 474 2308 qui
487 2252 554 2291 eum
567 2234 670 2291 Rome
685 2234 792 2291 audivit
811 2232 918 2307 pdoles-

134 2348 213 2402 eens,
240 2339 269 2387 et
301 2330 341 2391 Q.
369 2328 528 2399 Metellum,
560 2328 593 2386 L.
621 2329 722 2400 filiurn,
750 2328 917 2386 familiarem
931 2337 964 2389 ω

133 2444 240 2499 meum,
261 2425 573 2496 clarissimum‘virum,
593 2425 641 2499 qui
663 2425 743 2481 illum
764 2442 781 2482 a
800 2442 831 2481 se
852 2425 919 2483 ado·

132 2523 259 2581 lescente
273 2521 406 2591 Athenis,
418 2520 476 2596 jam
491 2520 624 2577 aflectum
640 2530 799 2593 senectute,
813 2520 918 2578 multos

133 2618 195 2678 dies
210 2618 337 2677 auditum
351 2634 413 2675 esse
426 2616 550 2675 dicebat.
959 2686 993 2764 g}

126 2838 129 2845 .
172 2810 257 2868 XIX.
288 2809 362 2867 Haec
377 2819 481 2880 eutem,
496 2818 528 2866 ut
541 2823 577 2865 ex
590 2807 746 2884 Apennino
757 2807 916 2881 fluminum,

135 2906 178 2964 sic
191 2924 226 2963 ea
239 2905 385 2963 communi
406 2904 577 2979 sapientium
594 2905 675 2981 jugo,
689 2915 756 2961 sunt
776 2905 919 2963 doctrine·
932 2918 964 2969 ᾖ

134 3020 198 3060 rum
224 3002 300 3060 lactu
325 3001 454 3074 divortia,
475 3010 507 3058 ut
531 3000 704 3076 philosophi,
725 3011 861 3077 tanquam
886 3000 918 3059 in

135 3112 269 3176 superum
282 3114 360 3157 mare
381 3097 496 3157 Ionium
507 3096 674 3171 detinerent,
684 3098 820 3157 Grecum
830 3095 919 3173 quod·
