2184 3575
163 321 220 380 1⁵4
482 331 525 378 nu
546 329 709 378 omroun
897 323 997 386 [nm.

208 479 325 538 tationis
352 491 435 556 atque
468 481 579 538 aurium
612 479 709 550 causi,
737 476 997 554 (quemadmodum
1080 550 1081 563 1

208 577 308 634 scribit
334 577 491 654 discipulus
514 577 575 652 ejus
595 575 769 654 Naucrates)
791 575 918 631 numeris
946 573 997 630 ad·
1080 574 1081 581 ’

208 674 367 751 stringeret.
409 673 541 748 Namque
562 673 625 730 heo
644 673 702 728 duo
720 670 833 741 musici,
848 671 897 746 qui
910 680 996 728 erant

209 771 351 845 qnondam
373 769 458 827 iidem
478 773 581 845 poeta,
595 767 750 825 machinati
771 768 806 824 ad
820 766 994 842 voluptatem

177 876 284 936 urunt,
311 884 422 922 versum
457 875 540 940 atque
573 875 698 935 dantum,
725 874 757 920 ut
783 873 812 921 et
841 865 995 920 verborum

209 980 338 1032 numero,
360 971 389 1018 et
407 981 509 1019 vocum
533 961 627 1032 modo,
651 959 867 1040 [delectatione]
896 960 995 1016 vinee·

209 1068 273 1115 rent
294 1057 403 1115 aurium
424 1058 593 1115 satietatem.
634 1057 708 1114 Haee
726 1057 812 1134 igitur
826 1057 884 1114 duo
899 1055 995 1134 (vocis

209 1151 277 1211 dieo
290 1153 522 1225 moderationem,
536 1164 565 1212 et
579 1153 730 1211 verborum
750 1152 994 1232 oonolusionem),

209 1250 302 1325 quoad
323 1251 457 1308 orationis
486 1250 621 1308 severitas
641 1249 699 1326 pati
718 1249 817 1326 possit,
839 1250 995 1325 apodtiod

163 1362 193 1412 1⁰
209 1346 245 1404 ad
258 1347 450 1422 eloquentiam
462 1347 640 1405 traducenda
653 1346 802 1404 duxeruut
1083 1328 1084 1339 ἵ

245 1442 281 1500 'In
296 1462 352 1518 qno
373 1443 442 1500 illud
461 1443 562 1501 estrei
582 1443 746 1514 maximum,
761 1442 836 1517 quod
849 1462 948 1500 versun
962 1443 994 1500 in

209 1540 338 1598 oratione
371 1539 395 1598 si
430 1541 553 1598 efficitur
589 1539 794 1615 conjunctione
829 1540 993 1612 verborum,
1084 1534 1085 1539 '

209 1636 307 1694 vitium
322 1646 380 1705 est;
401 1645 543 1694 ettamen
563 1655 626 1694 eam
647 1635 890 1712 conjunctionem,
904 1637 994 1694 siouti

208 1751 330 1804 versum,
346 1751 495 1791 numerose
516 1733 629 1803 cadere,
643 1742 672 1789 et
687 1732 834 1808 quadrare,
849 1743 878 1791 et
890 1732 994 1810 perfici

162 1846 193 1893 15
208 1829 344 1887 volumus.
397 1828 501 1903 Neque
526 1839 572 1886 est
597 1846 632 1886 ex
655 1829 752 1887 multis
774 1848 820 1887 res
839 1849 907 1903 una,
927 1848 994 1905 quae

207 1924 299 2001 magis
319 1935 458 1983 oratorem
481 1925 516 1981 ab
536 1925 813 1999 imperitodioendi,
834 1926 994 2003 ignaroque

209 2021 374 2098 distinguat,
385 2040 468 2097 quam
483 2021 559 2096 quod
573 2020 621 2078 ille
634 2021 712 2079 rudis
726 2022 873 2079 incondite
887 2023 992 2096 fundit,

209 2128 345 2193 quantum
365 2128 466 2190 potest,
487 2130 516 2177 et
536 2118 575 2189 id,
596 2118 672 2193 quod
698 2108 786 2189 dicit,
800 2119 911 2194 spiritu,
931 2138 992 2177 nou

108 2235 124 2267 a
210 2226 279 2286 arte,
300 2215 485 2285 determinat;
507 2226 603 2272 orator
630 2225 725 2272 autern
751 2215 794 2272 rie
818 2215 909 2292 illigat
928 2234 993 2273 sen-

160 2326 192 2375 no
207 2311 327 2369 tentiam
352 2311 455 2381 verbis,
476 2320 507 2367 ut
527 2328 591 2367 eam
617 2328 736 2367 numero
764 2312 885 2385 quodam
913 2330 993 2369 eoru·

207 2408 356 2485 plectatur,
384 2418 413 2465 et
444 2407 561 2465 astricto
592 2418 621 2464 et
654 2407 755 2465 soiuto.
808 2407 895 2479 Nam,
922 2428 991 2466 oum

208 2504 297 2561 vinxit
310 2504 402 2562 modis
415 2514 444 2561 et
462 2503 563 2574 formai,
577 2504 684 2561 relaxat
697 2514 726 2560 et
739 2504 840 2562 liberat
861 2505 992 2563 immuta·

208 2602 286 2660 tione
306 2603 423 2674 ordinis,
439 2613 469 2659 ut
482 2604 568 2661 verba
588 2620 681 2676 neque
701 2603 817 2679 alligata
835 2604 892 2660 sint
908 2606 990 2680 quasi

208 2699 287 2756 certi
314 2699 409 2775 aliqui
435 2699 499 2776 lege
523 2697 629 2770 versus,
649 2717 743 2774 neque
770 2700 810 2757 ita
835 2700 936 2772 soluta,
957 2709 990 2758 ut

148 2795 192 2844 -25
206 2804 353 2872 vagentur.
438 2824 440 2829 v

245 2987 337 3045 XLV.
367 2987 504 3051 Quonam
525 2987 612 3065 igitur
638 2989 722 3045 modo
738 2998 864 3051 ,tantum
884 3007 990 3046 munus

198 3084 379 3157 insistemus,
390 3096 422 3143 ut
433 3084 601 3143 arbitremur
614 3103 666 3143 nos
679 3084 755 3142 haue
768 3084 825 3143 rim
838 3103 991 3144 numerose
