2184 3575
138 323 194 383 142
456 337 498 387 aa
521 338 683 386 carrona.
870 339 909 400 [ι.
920 335 969 385 ιιι.

179 483 257 556 satis,
278 483 338 558 sed,
359 496 391 544 ut
411 486 471 562 ipse
498 487 624 560 dicebas,
646 488 777 547 celeriter
803 488 969 566 exigueque

178 581 307 652 dixisses,
329 585 400 640 duas
420 583 471 640 tibi
491 585 615 658 reliquas
642 585 761 655 feceras,
781 585 969 660 quemadmo-

178 677 247 734 dum
266 679 390 754 primum
409 689 516 750 ornate,
534 679 638 736 deinde
658 680 744 736 etiam
766 691 840 754 apte,
855 679 969 736 dicere·

178 791 250 831 mus.
302 774 373 836 Quo
400 793 465 832 cum
499 775 645 851 ingressus
677 793 763 846 esses,
791 785 909 850 repente
935 785 968 830 te

147 869 259 944 oquasi
284 870 397 945 quidam
426 880 510 927 aestus
537 870 647 947 ingenii
667 871 709 930 tui
728 868 828 946 procul
851 889 867 928 ιι
887 870 967 928 terrai

177 965 310 1039 abripuit,
340 975 422 1040 atque
456 967 485 1023 in
520 967 658 1024 ultumsva
690 978 847 1042 conspectu
881 983 966 1042 pane

178 1061 305 1117 omnium
328 1061 470 1118 abstraxit.
512 1063 636 1119 Omnem
657 1063 734 1119 enirn
754 1081 850 1119 rerum
871 1062 967 1119 scien·

177 1154 244 1214 tiam
277 1157 451 1231 complexus,
478 1177 536 1215 non
569 1169 600 1214 tu
634 1158 747 1233 quidem
781 1177 844 1214 eam
878 1157 966 1215 nobis

177 1251 318 1308 tradidisti
334 1251 440 1327 (neque
454 1253 529 1309 enim
545 1253 599 1310 suit
612 1267 670 1309 tam
683 1253 779 1329 exigui
794 1253 964 1330 temporis);

133 1356 163 1405 10
178 1345 237 1416 sed,
273 1346 346 1422 apud
381 1347 433 1404 hos
466 1347 534 1422 quid
567 1347 732 1422 profeceris,
765 1347 882 1417 nescio;
903 1365 966 1404 *me

176 1442 291 1518 quidem
319 1442 348 1499 in
376 1442 563 1501 Academiam
590 1454 681 1499 totum
709 1442 879 1518 compulisti.
927 1442 965 1499 In

177 1537 234 1612 qud
255 1537 338 1594 velim
359 1538 396 1594 sit
416 1538 496 1608 illud,
511 1538 588 1612 quod
608 1555 684 1611 supe
702 1536 833 1612 posuisti,
850 1547 881 1594 ut
901 1548 965 1594 nou

176 1633 352 1690 accessesit
371 1651 540 1690 consumere
554 1642 675 1702 etatem,
691 1643 775 1706 atque
789 1644 820 1690 ut
832 1633 925 1708 possit
939 1633 965 1689 is

176 1726 225 1783 illa
244 1726 341 1783 omnia
360 1744 487 1797 cernere,
509 1726 558 1801 qui
578 1728 776 1783 tantummodo
803 1727 963 1803 aspexeritr

131 1834 162 1883 15
176 1822 226 1878 sed
250 1822 361 1879 etiamsi
391 1832 433 1879 est
465 1822 611 1896 aliquanto
641 1822 768 1897 spissius,
791 1834 839 1881 aut
860 1824 885 1881 si
907 1842 965 1901 ego

176 1936 239 1974 sum
266 1917 381 1988 tardior,
408 1917 537 1993 prosectu
566 1936 711 1992 nunquam
745 1920 963 1994 conquiescam,

176 2030 269 2089 neque
289 2012 466 2090 defatigabor
487 2022 562 2084 ante,
583 2032 667 2089 quam
687 2013 800 2071 illorum
821 2015 965 2091 aucipites

176 2109 236 2167 vias
268 2110 458 2184 rationesque,
485 2119 514 2167 et
545 2127 599 2185 pro
631 2110 773 2181 omnibus,
801 2121 830 2168 et
858 2122 965 2169 contra

175 2206 282 2277 omnia,
296 2204 458 2281 disputandi
471 2222 636 2280 percepero.

129 2310 161 2360 2⁰
213 2300 292 2359 Tum
306 2301 413 2371 Caesar,
427 2300 533 2369 Unum,
549 2299 649 2373 inquit,
664 2318 711 2356 me
731 2319 766 2356 ex
784 2310 836 2358 tuo
855 2319 965 2359 sermo·

176 2414 213 2451 ne
232 2396 365 2467 maxime,
380 2395 494 2465 Crasse,
510 2394 674 2465 commovit,
689 2395 764 2468 quod
778 2413 844 2452 eum
858 2398 965 2472 negas·

175 2490 207 2559 ti,
221 2491 270 2564 qui
284 2509 343 2548 non
358 2491 416 2548 cito
434 2490 501 2565 quid
522 2489 680 2558 didicisset,
696 2508 820 2563 unquam
840 2494 964 2549 omniuo

174 2602 257 2659 posse
277 2586 454 2661 perdiscere3
475 2594 507 2641 ut
525 2584 596 2641 mihi
614 2602 674 2640 non
693 2583 730 2640 sit
750 2584 867 2642 difficile
882 2588 965 2661 peri·

135 2662 143 2671 ⁵
175 2680 276 2751 ditari,
291 2690 321 2737 et
335 2695 383 2737 aut
396 2680 491 2737 statim
505 2679 653 2753 percipere
666 2679 729 2749 ista,
743 2698 806 2753 que
820 2690 850 2737 tu
865 2682 964 2740 verbis

128 2784 160 2835 25
176 2774 210 2831 ud
225 2776 328 2833 coelum
342 2774 483 2842 extulisti;
506 2783 563 2842 aut,
575 2773 599 2829 si
613 2791 670 2829 non
683 2774 834 2848 potuerim,
846 2786 964 2852 ternpus

173 2887 232 2925 non
245 2870 374 2945 perdere,
389 2888 455 2926 cum
474 2879 571 2925 tamen
585 2867 630 2923 his
645 2868 749 2925 nostris
768 2870 875 2941 possim
895 2890 964 2930 esse

174 2974 334 3022 contentus.

214 3058 274 3119 Hic
306 3060 461 3136 Sulpicius,
495 3058 560 3135 Ego
596 3076 673 3128 sero,
706 3057 808 3131 inquit,
842 3060 962 3136 Crasse,
