2184 3575
477 331 519 378 nn
541 329 702 378 ossuum.
900 328 985 389 [nu.-

204 476 315 536 tionum
336 497 426 556 genus
446 489 488 536 est
509 479 634 551 difficile,
648 477 723 555 quod
737 495 791 554 ego
805 476 983 552 initioqussi

206 594 223 632 a
247 577 396 652 preceptis
421 577 525 632 nostris
552 595 744 633 secreveram:
771 575 831 645 sed,
859 584 888 632 et
914 574 983 650 quia
1082 594 1084 597 ·

187 673 294 730 ‘multa
319 681 384 729 sunt
411 673 570 730 orationum
596 691 710 749 genera,
738 681 766 728 et
792 671 929 748 graviora,
953 681 983 728 et
1082 680 1083 687 ’

205 768 319 844 majoris
340 768 437 843 copias,
453 768 604 845 dequibus
623 785 708 825 nemo
728 767 786 825 lere
806 768 981 843 preciperet,

174 864 328 939 estquod
349 883 401 920 nos
421 864 632 922 laudationibus
657 883 715 921 non
742 865 781 920 ita
801 863 919 920 multum
940 863 983 920 uti

205 960 368 1030 soleremus,
382 970 473 1017 totum
487 961 564 1016 hunc
577 962 760 1037 segregabam
778 960 882 1016 locum.
923 959 983 1034 Ipsi

205 1055 280 1112 enim
300 1056 395 1112 Grssci
418 1055 554 1133 [legendi‚
569 1057 617 1131 qni
638 1057 728 1132 magis
743 1058 803 1136 aut]
819 1055 984 1139 delectatio-
1082 1094 1083 1101 κ

204 1151 259 1223 nis,
281 1162 328 1209 aut
352 1151 474 1209 hominis
501 1153 622 1228 alicujus
646 1152 776 1223 ornandi,
797 1171 881 1226 quam
908 1151 984 1209 utili·
1082 1200 1083 1211 ,

204 1247 270 1305 tatis
290 1247 373 1324 bnjus
393 1249 512 1306 lorensis
533 1249 629 1320 causti,
645 1248 825 1305 laudationes
845 1248 984 1323 scriptite-
1075 1238 1078 1244 ’

160 1352 191 1403 10
205 1353 322 1413 verunt3
343 1333 463 1418 quorum*
475 1353 540 1400 sunt
554 1344 627 1414 libri,
643 1343 744 1419 quibus
761 1343 983 1413 Themistocles,

206 1437 356 1511 Aristides,
385 1439 546 1514 Agesilbus
573 1438 794 1512 Epaminondas,
825 1437 983 1512 Philippus,

206 1533 378 1604 Alexander,
400 1534 512 1609 aliique,
533 1534 699 1590 laudsnttrr:
727 1543 829 1589 nostrae
848 1533 985 1591 laudatio·
1082 1564 1083 1613 p

205 1647 267 1700 nes,
281 1629 383 1704 quibus
397 1628 425 1684 in
440 1629 501 1686 soro
521 1629 637 1699 utimur,
653 1638 701 1684 aut
720 1628 875 1685 testimonii
894 1629 985 1685 brevi-

205 1732 292 1780 tatem
313 1723 418 1781 ha'bent
438 1724 542 1780 budam
565 1734 647 1800 atque
667 1723 835 1796 inornatam,
850 1734 898 1781 aut
916 1725 985 1782 ecri-

161 1826 191 1877 15
205 1820 310 1877 buntur
332 1820 366 1877 ad
387 1820 534 1877 funebrem
554 1820 736 1891 concionem,
756 1840 819 1896 que
833 1822 867 1878 ad
881 1821 985 1880 oratio-

205 1916 250 1973 nis
276 1916 389 1973 laudem
423 1916 539 1973 minime
574 1917 788 1974 accommodata
820 1927 871 1975 est.
925 1919 985 1975 Sed

205 2022 310 2085 tamen,
325 2012 459 2089 quoniam
473 2023 515 2069 est
529 2014 665 2071 utendum
680 2014 841 2088 aliquando,
855 2032 985 2072 nonnun-

205 2128 289 2185 quam
323 2110 409 2167 etiam
441 2110 635 2181 scribendum,
661 2110 738 2167 velut
769 2110 801 2168 P.
834 2110 984 2167 Tuberoni

206 2204 374 2262 Africanum
396 2205 567 2262 avunculum
587 2205 713 2262 laudanti
735 2206 847 2281 scripsit
867 2206 901 2263 C.
922 2206 984 2263 Lae-

159 2310 191 2361 lh]
205 2300 270 2371 lius,
290 2301 333 2357 vel
354 2312 386 2357 ut
409 2301 585 2377 nosmetipsi,
606 2301 726 2359 ornandi
752 2304 849 2372 sauss,
868 2304 983 2359 Graeco-

205 2414 268 2453 rum
288 2414 377 2469 more,
397 2398 421 2455 si
442 2416 512 2473 quos
538 2398 666 2469 velimus,
686 2398 802 2455 laudare
827 2399 981 2473 possimus;

206 2492 242 2549 sit
257 2511 273 2550 a
286 2493 368 2550 nobis
381 2512 490 2569 quoque
503 2504 640 2551 tractatus
654 2494 677 2549 is
690 2494 778 2550 locus.

246 2588 431 2663 Perspicuum
459 2599 502 2646 est
529 2590 623 2665 igitur,
649 2588 705 2645 alia
727 2607 790 2645 esse
814 2588 843 2645 in
868 2589 983 2648 homine

206 2684 339 2759 optanda,
361 2684 416 2742 alia
435 2685 585 2742 laudanda.
637 2684 745 2755 Genus,
773 2684 872 2755 forma,
899 2686 982 2758 vires,
1082 2713 1083 2768 t

159 2788 192 2839 25
206 2798 284 2856 opes,
311 2780 426 2851 divitiae,
453 2792 605 2854 ceteraque
631 2798 694 2853 quse
720 2780 831 2838 fortuna
859 2781 907 2837 det
934 2792 981 2839 sut

205 2877 382 2934 extrinsecus
402 2887 450 2933 aut
470 2876 592 2950 corpori,
606 2894 664 2932 non
681 2876 785 2933 habent
799 2876 829 2933 in
843 2896 873 2933 se
886 2896 981 2935 veram

202 2970 334 3042 ·landem;
365 2990 427 3047 quae
454 2971 551 3027 deberi
579 2972 674 3028 virtuti
696 2971 747 3029 uui
769 2983 901 3048 putatur:
932 2975 982 3030 sed

205 3076 312 3141 tamen,
327 3067 401 3142 quod
423 3066 483 3142 ipsa
503 3067 590 3124 virtus
610 3067 640 3125 in
659 3086 757 3125 earum
772 3086 866 3127 rernm
880 3088 932 3128 usu
948 3088 981 3126 sc
