2184 3575
127 292 168 354 86
448 307 492 354 on
513 307 677 356 ostreas.
867 306 961 368 [nna

173 452 258 512 laude
291 453 398 526 floruit,
425 473 511 530 qnam
544 455 640 514 fructu
674 454 879 531 amplitudinis,
912 465 962 514 aut

173 550 338 626 reipublice
358 551 506 630 dignitate.
547 552 610 614 Qui
632 564 726 617 autem
746 551 773 610 ei
794 571 889 610 annus
904 551 962 628 pri·

173 663 237 703 mus
258 648 293 704 ab
313 648 453 706 honorum
473 647 674 725 perfunctione
698 647 818 728 aditum,
832 648 961 707 omnium

174 761 324 816 concessu,
353 745 389 801 ad
415 763 556 802 summam
586 743 785 802 auctoritatem
812 743 908 815 dabat,
936 743 961 802 is

140 839 234 916 tejas
260 858 375 910 omnem
403 860 481 916 spem
509 851 595 914 atquc
624 839 723 898 omnia
748 839 813 898 vite
839 839 962 898 consilia

172 946 263 994 morte
283 935 427 1012 pervertit.
468 936 537 995 Fuit
549 937 607 994 hoc
619 936 784 994 luctuosum
797 936 867 1008 suis,
882 955 961 996 acer·

171 1032 239 1090 bum
257 1033 367 1108 patriae,
382 1053 468 1111 grave
488 1033 572 1090 bonis
592 1034 741 1091 omnibus:
763 1033 813 1089 sed
826 1032 849 1090 ii
863 1044 959 1092 tamen

171 1130 377 1205 rempublicam
404 1149 489 1188 casus
515 1130 609 1188 secuti
639 1142 715 1201 sunt,
743 1140 776 1187 ut
801 1129 873 1188 mihi
899 1148 958 1188 non

171 1236 268 1301 erepta
288 1226 321 1284 1.
343 1227 448 1286 Crasso
468 1246 485 1286 a
505 1227 570 1284 Diis
590 1226 799 1284 immortalibus
819 1226 887 1298 vita,
908 1226 959 1285 sed

125 1333 155 1382 10
171 1322 276 1380 donata
296 1342 381 1395 mors,
396 1343 460 1381 esse
480 1323 618 1380 videatur.
659 1322 729 1381 Non
748 1322 819 1381 vidit
838 1321 959 1399 flagran-

170 1427 227 1476 tem
249 1418 325 1476 bello
345 1418 468 1491 Italiam,
489 1437 549 1479 non
569 1418 717 1476 ardentem
744 1417 853 1475 invidia
878 1437 960 1476 sena·

170 1523 241 1586 turn,
255 1534 314 1572 non
328 1516 445 1573 sceleris
464 1515 567 1574 nefarii
585 1514 732 1591 principes
746 1513 869 1572 civitatis
882 1532 957 1588 reos,

169 1629 229 1670 non
259 1610 370 1668 luctum
403 1613 479 1682 filim,
506 1631 564 1670 non
597 1610 728 1668 exsilium
761 1609 872 1687 generi,
898 1628 958 1668 non

170 1705 382 1784 acerbissimam
405 1707 439 1764 C.
461 1706 550 1768 Marii
577 1707 684 1784 fugam,
704 1724 765 1764 non
791 1706 868 1765 illam
894 1715 958 1782 post

123 1816 153 1864 15
169 1802 292 1860 reditum
306 1802 368 1879 ejus
382 1803 489 1861 cedern
503 1802 632 1861 omnium
646 1801 884 1875 crudelissimam,
898 1820 957 1861 non

168 1898 293 1972 denique
314 1898 343 1957 in
363 1903 443 1956 omni
461 1917 570 1974 genere
596 1896 785 1955 deformatam
805 1917 872 1961 eam
889 1898 958 1957 civi·

169 2004 267 2069 tatem,
282 1994 311 2051 in
325 1994 382 2069 qud
397 1994 457 2070 ipse
471 1993 674 2052 florentissimis
687 1995 809 2053 multum
822 1994 956 2053 omnibus

168 2090 260 2169 glorid
274 2090 459 2166 praestitisset.

207 2285 263 2344 III.
295 2286 353 2343 Sed
387 2286 522 2361 quoniam
569 2286 650 2364 attigi
688 2286 865 2363 cogitatione
897 2287 954 2345 vim

120 2385 152 2437 2⁰
168 2382 390 2457 varietatemque
406 2382 536 2453 fortune,
546 2401 607 2439 non
623 2382 771 2459 vagabitur
785 2383 878 2440 oratio
891 2402 956 2442 mea

166 2478 292 2555 longius,
315 2477 458 2554 atque-eis
479 2479 539 2535 sere
559 2479 630 2555 ipsis
649 2478 801 2536 delinietur
814 2478 892 2549 viris,
905 2478 955 2555 qui

166 2578 224 2633 hoc
243 2594 385 2647 sermone,
407 2594 491 2650 quem
512 2576 619 2633 referre
639 2574 787 2650 ecepimus,
807 2574 956 2634 continen-

167 2682 222 2730 tur.
272 2671 351 2735 Quis
376 2672 455 2731 enim
482 2690 540 2729 non
564 2672 629 2748 jure
655 2670 769 2728 beatam
795 2670 828 2729 L.
856 2670 954 2729 Crassi

167 2778 287 2827 mortem
314 2768 402 2841 illam,
426 2787 489 2843 quae
513 2777 557 2825 est
580 2786 597 2824 a
620 2765 717 2824 multis
742 2785 817 2843 saepe
840 2766 953 2840 delleta,

119 2864 279 2935 abdixerit,
300 2883 367 2922 cnm
388 2864 490 2921 horum
516 2861 644 2938 ipsorum
671 2861 717 2934 sit,
738 2861 867 2938 quitum
888 2882 955 2923 cum

167 2961 216 3021 illo
246 2970 422 3037 postremum
455 2959 515 3017 fere
548 2958 685 3017 collocuti
717 2968 795 3031 sunt,
821 2969 955 3018 eventum

167 3058 356 3119 recordatus!
394 3056 544 3116 Tenemus
557 3056 636 3115 enim
650 3056 799 3132 memorial,
812 3055 854 3122 Q.
868 3057 955 3117 Catu·
