2184 3575
130 323 190 392 'llo
450 345 493 396 ns
515 347 677 395 cursous.
865 345 959 406 [nm.

175 495 276 552 totelio
308 513 387 554 more
413 495 449 554 de
475 496 609 554 omnibus
640 495 727 553 rebus
752 495 783 553 in
810 503 959 570 utrumque

176 592 345 649 sententiam
366 593 455 668 possit
474 593 581 664 dicere,
596 592 668 649 etin
681 591 760 649 omni
780 590 868 648 oausd
889 590 960 647 duas

176 689 334 746 contrarios
360 689 512 760 orationes,
538 689 689 764 preceptis
716 687 790 746 iliius
823 687 958 764 cognitis,

176 783 327 858 explicare,
343 795 390 842 out
405 785 460 844 hoo
474 784 613 842 Arcesilae
633 784 727 854 modo,
741 793 770 841 et
790 782 959 854 Carneadis,

145 882 162 930 ὅ
176 890 277 936 eontra
291 899 385 952 omne,
400 882 474 956 quod
488 880 664 956 propositum
681 879 727 950 sit,
741 879 878 948 disseret,
899 877 961 953 qui·

176 993 230 1050 que
245 975 279 1032 ed
295 994 357 1033 earn
377 977 517 1035 rationem
539 976 675 1052 adjungat
693 976 771 1033 huno
785 974 959 1033 rhetoricum

177 1087 270 1141 usum,
291 1089 454 1148 moremque
475 1071 764 1145 exercitationemque
788 1069 913 1140 dicendi,
935 1069 960 1126 is

177 1163 213 1220 sit
239 1181 330 1234 verus,
359 1165 383 1221 is
408 1165 561 1240 perfectus,
586 1164 611 1221 is
634 1164 711 1222 solus
737 1174 842 1220 orator.
881 1162 960 1220 Nom

176 1275 269 1333 neque
289 1260 351 1318 sine
372 1260 531 1317 forensibus
551 1259 646 1317 nervis
669 1259 738 1316 satis
757 1259 911 1316 vehemens
929 1267 961 1316 et

132 1369 163 1418 ιο
177 1355 279 1431 gravis,
294 1373 349 1413 nec
369 1357 431 1414 sine
451 1356 586 1414 varietate
606 1355 744 1412 doctrine
764 1355 833 1412 sutis
852 1354 959 1430 politus

129 1471 131 1482 ·
176 1460 205 1508 et
219 1449 331 1526 sapiens
345 1469 407 1509 esse
420 1461 515 1510 orator
528 1461 628 1526 potest

215 1546 317 1608 Quare
337 1547 476 1604 Coracem
498 1547 582 1604 istum
604 1556 726 1604 restrum
746 1547 887 1621 potiemur
907 1562 960 1604 nos

177 1642 291 1717 quidem
312 1643 405 1718 pulios
424 1661 491 1700 suos
511 1643 663 1700 excludere
683 1642 713 1699 iu
733 1642 812 1713 nido,
827 1642 876 1718 qui
896 1661 961 1699 ero·

176 1736 245 1809 ient,
260 1737 429 1796 clamatores
448 1738 541 1797 odiosi
562 1756 597 1795 no
616 1737 745 1808 molesti3
769 1737 961 1815 Pamphilum-

131 1842 233 1909 loque
247 1834 443 1909 nescioquem
464 1834 592 1892 sinamus
605 1834 635 1892 iri
649 1834 746 1892 infulis
764 1844 873 1893 tantam
889 1853 960 1906 rem,

128 1956 132 1967 =
177 1939 311 2005 tanquam
338 1930 462 2004 pueriles
493 1930 611 1987 delicies
644 1930 762 2005 aliquas,
789 1930 961 2008 depingere:

177 2044 287 2100 nosque
301 2026 354 2101 ipsi
368 2026 423 2083 hac
437 2036 494 2083 tem
508 2026 614 2102 erigud
630 2026 822 2101 disputatione
836 2025 961 2084 hesterni

178 2130 207 2178 et
225 2121 357 2179 hodierni
377 2122 435 2178 diei
454 2130 546 2179 toturn
567 2121 687 2180 oratoris
707 2139 812 2179 munus
837 2121 962 2197 explice-

178 2234 251 2287 mus,
272 2217 427 2274 dummodo
454 2216 503 2274 illa
528 2235 575 2273 res
600 2227 680 2275 tante
706 2217 753 2288 sit,
774 2226 806 2274 nt
828 2216 960 2273 omnibus

131 2324 163 2372 20
177 2312 410 2388 philosophorum
431 2312 520 2383 libris,
535 2331 607 2387 quos
626 2330 712 2371 nemo
731 2322 876 2369 oratorum
894 2312 961 2369 isto·

142 2420 144 2425 '
178 2425 242 2464 rum
262 2425 387 2483 unquam
408 2408 511 2486 arrigit,
523 2408 731 2484 comprehense
747 2426 810 2464 esse
823 2407 959 2466 rideatur.

218 2598 318 2656 XXII.
348 2599 427 2657 Tum
448 2600 578 2670 Catulus,
599 2597 839 2673 Haudqufiquom,
853 2598 959 2671 hercle,

179 2694 281 2770 inquit,
295 2694 407 2767 Crasse,
422 2696 583 2754 mirandum
602 2702 655 2763 est,
672 2710 735 2750 esse
754 2693 784 2750 in
804 2707 833 2751 te
852 2702 961 2752 tantem

177 2789 294 2847 dicendi
320 2791 364 2848 rei
390 2791 457 2863 vim,
484 2790 527 2847 vel
555 2789 732 2861 suavitatem,
759 2788 803 2847 rel
830 2789 959 2865 copiam3

127 2894 164 2946 «ὕ
178 2902 262 2962 quom
284 2886 399 2961 quidem
420 2896 503 2944 antea
522 2884 625 2941 naturd
645 2884 728 2943 rebar
748 2885 789 2942 its
807 2885 914 2959 dicere,
928 2896 961 2944 ut

178 2980 250 3039 mihi
269 3000 327 3039 non
347 2982 439 3040 solum
458 2990 553 3039 orator
573 2996 710 3053 summus,
723 2980 774 3038 sed
787 2982 874 3039 etiam
887 2981 960 3057 sepi-

179 3076 344 3137 entissimus
363 3076 458 3149 homo,
478 3076 624 3150 vidererer
651 3096 731 3135 nuno
750 3077 891 3157 intelligo,
910 3076 960 3136 ius
