2184 3575
131 326 151 387 8
451 290 494 382 nd
519 334 682 383 carrona.
885 336 966 396 [nn

178 487 394 559 sententiarum,
417 497 501 564 atque
524 507 623 546 eorum
647 488 789 559 locorum,
802 504 874 563 quos
898 504 966 565 agna

179 593 341 660 tractesque
361 585 495 656 dicendo,
510 585 582 641 nihil
597 595 629 641 ut
642 603 714 661 opus
727 585 765 641 sit
782 584 964 641 simulatione

180 692 209 738 et
232 678 360 739 fallaciis.
402 681 468 757 Ipsa
494 682 571 739 enim
598 692 702 739 natura
726 680 866 739 orationis
891 680 963 757 ejus,

180 796 243 852 quae
257 778 411 854 suscipitur
426 778 460 835 ad
476 778 597 835 aliorum
618 778 729 835 animos
746 778 963 854 permovendos,

146 882 163 931 5
180 885 322 931 oratorem
343 874 435 950 ipsum
457 874 549 950 magis
568 874 665 946 etiam,
686 893 771 950 quam
795 892 964 950 quemquam

179 988 278 1027 eorum
302 971 350 1047 qui
375 971 503 1043 audiunt,
527 981 681 1046 permovet.
733 970 772 1027 Et
794 990 832 1027 ne
856 971 911 1028 hoc
934 970 964 1028 in

179 1066 284 1139 causis,
313 1067 343 1124 in
368 1067 496 1143 judiciis,
524 1068 554 1124 in
583 1067 740 1124 amicorum
766 1066 912 1142 periculis,
934 1066 965 1124 in

179 1181 323 1235 concursu
337 1163 496 1235 homiuum,
512 1163 541 1220 in
559 1163 685 1235 civitate,
700 1163 730 1219 in
745 1163 817 1234 foro,
833 1162 964 1220 accidere

178 1258 324 1331 miremur,
347 1277 413 1316 cum
436 1260 529 1337 agitur
550 1278 609 1316 non
631 1260 723 1316 solum
745 1258 854 1336 ingenii
875 1257 964 1315 nostri

132 1368 162 1415 10
177 1354 351 1413 existimatio
379 1355 458 1433 (nam
486 1355 515 1412 id
542 1366 618 1413 esset
650 1355 759 1425 levius3
793 1372 964 1430 quanquam,
1014 1367 1026 1386 ⁸

178 1469 244 1507 cum
270 1450 415 1527 professus
442 1452 490 1523 sis,
517 1462 547 1508 tc
575 1451 603 1508 id
636 1470 722 1527 posse
755 1450 861 1519 facere,
888 1449 965 1525 quod

176 1548 272 1623 pauci,
286 1566 323 1605 ne
337 1548 365 1604 id
381 1548 495 1623 quidem
516 1548 721 1624 negligendum
742 1548 817 1628 est):
839 1548 890 1604 sed
910 1546 967 1605 alia

177 1654 244 1701 sunt
270 1644 379 1720 majora
405 1645 505 1715 multo,
526 1645 607 1716 fides,
635 1644 773 1716 officium,
798 1644 964 1722 diligentia;

178 1740 281 1816 quibus
302 1741 386 1798 rebus
414 1741 541 1813 adducti,
564 1740 651 1799 etiam
679 1760 746 1800 cum
775 1741 966 1800 alienissimos

132 1850 163 1900 15
178 1837 367 1910 defendimus,
382 1849 478 1895 tamen
499 1857 550 1896 eos
572 1838 690 1911 alienos,
706 1839 730 1895 si
752 1839 806 1915 ipsi
820 1839 873 1896 viri
897 1838 965 1897 boni

178 1933 309 1991 volumus
323 1934 431 2006 haberi,
447 1935 610 1992 existimare
625 1953 683 1991 non
703 1953 864 2011 possumus.
906 1935 966 1992 Sed

179 2029 225 2107 (ut
239 2030 312 2110 dixi)
328 2051 364 2088 ne
385 2031 442 2088 hoc
462 2032 491 2089 in
513 2031 597 2090 nobis
617 2031 722 2088 mirum
742 2049 805 2088 esse
826 2031 965 2104 videatur,

177 2126 245 2202 quid
258 2136 353 2203 potest
373 2146 435 2184 esse
456 2139 512 2184 tam
533 2127 643 2198 fictum,
658 2146 743 2201 quam
758 2145 865 2198 versus,
879 2146 966 2202 quam

176 2241 274 2293 scena,
289 2241 374 2297 quam
389 2223 511 2280 fabulael
532 2233 628 2280 tamen
643 2223 672 2279 in
687 2222 743 2278 hoc
763 2241 870 2298 genere
890 2241 966 2298 saepe

127 2323 160 2377 20
178 2318 237 2394 ipse
263 2319 332 2391 vidi,
360 2337 426 2376 cunr
453 2339 489 2376 ex
513 2319 636 2395 persond
663 2317 733 2375 mihi
761 2319 861 2375 ardere
887 2318 965 2377 oculi

177 2415 302 2472 hominis
338 2415 485 2473 histrionis
521 2415 687 2473 viderentur
730 2414 880 2489 spondalia
916 2415 966 2474 illa

173 2510 308 2584 dicentis,

206 2624 367 2689 “Segregare
386 2625 429 2674 aba
445 2631 470 2674 te
487 2641 572 2688 ausus,
590 2631 634 2673 aut
650 2626 703 2674 sine
721 2625 764 2673 illo
782 2625 910 2674 Salamina
924 2626 964 2675 in·

305 2705 347 2754 di?

227 2720 316 2848 Negdde
327 2790 459 2848 paternum
468 2792 599 2848 aspectum
607 2802 637 2834 ea
647 2786 758 2836 veritus?
767 2787 782 2808 ''

125 2912 158 2962 25
174 2901 330 2979 Nunquam
352 2903 432 2960 illum
445 2910 466 2936 ‘⁴
477 2905 646 2980 aspectum¹'
661 2903 786 2977 dicebat,
801 2906 870 2980 quin
888 2907 962 2966 mihi

173 2999 318 3058 Telamon
337 2999 428 3058 iratus
448 2999 544 3058 furere
563 3000 643 3058 luctu
662 2999 712 3058 lilii
726 3001 879 3060 videretur.
921 3003 963 3063 Ut

174 3095 260 3170 idem,
275 3095 380 3154 inflent
394 3097 431 3155 ad
443 3096 635 3154 miserabilem
646 3114 751 3156 sonum
761 3117 845 3171 soce,
