2184 3575
132 339 173 401 98
452 353 495 401 nn
517 352 679 400 carrona
865 349 957 410 [nm.

129 533 131 538 ¹
180 499 261 558 alteri
282 499 399 573 affinxit,
414 501 450 558 de
471 501 560 559 altero
579 499 698 572 limavit,
712 508 743 557 ut
757 497 787 556 id
800 497 959 556 conforma·

178 606 222 654 ret
234 597 410 672 inutraque,
424 598 499 675 quod
520 597 667 673 utriusque
686 605 788 655 natura
805 604 958 670 pateretur.

216 786 255 846 X.
286 788 359 846 Haec
380 807 414 846 eo
434 789 504 847 mihi
523 789 706 865 praedicenda
729 787 852 859 fuerunt,
871 797 913 859 ut,
933 786 958 845 si

177 901 236 940 non
250 884 355 956 omnia,
370 904 432 959 quae
445 894 667 960 proponerentur
682 903 698 942 a
711 903 767 955 me,
782 884 817 941 ad
830 883 958 941 omnium

147 979 300 1036 ovestrirm
320 980 455 1052 studium,
469 990 498 1037 et
518 980 553 1037 ad
574 999 665 1057 genus
684 980 724 1051 id,
742 979 818 1054 quod
838 979 957 1054 quisque

112 1081 114 1086 '
177 1075 300 1133 restrium
321 1075 350 1134 iu
370 1077 494 1134 dicendo
514 1076 656 1152 probaret,
678 1077 912 1148 adhaerescerent,
927 1076 957 1132 id

132 1191 135 1198 ·
178 1189 195 1227 a
220 1189 266 1228 me
292 1190 382 1248 genus
408 1172 527 1248 exprimi
554 1172 706 1243 sentiretis,
733 1172 809 1248 quod
835 1171 957 1228 maxime

176 1265 246 1324 milri
261 1267 315 1342 ipsi
328 1268 503 1343 probaretur.

215 1361 293 1439 Ergo
321 1363 382 1421 haec
409 1373 438 1421 et
465 1365 575 1441 agenda
600 1374 666 1423 sunt
692 1366 727 1423 ab
750 1375 872 1436 oratore,
894 1383 957 1439 quae

131 1465 161 1515 10
176 1458 326 1533 explicavit
346 1458 499 1532 Antonine,
522 1471 551 1517 et
570 1460 694 1518 dicenda
712 1461 836 1535 quodam
862 1461 956 1518 modo.

174 1553 303 1614 Quinam
325 1555 410 1632 igitur
431 1556 547 1614 dicendi
566 1567 609 1613 est
628 1557 731 1614 modus
750 1557 858 1628 melior,
877 1555 957 1633 (nam
1039 1609 1043 1618 .

175 1649 212 1706 de
239 1651 350 1708 actione
377 1661 439 1727 post
466 1652 578 1732 videro)
606 1672 689 1727 quam
723 1663 756 1709 ut
785 1653 898 1722 Latine,
924 1663 957 1710 ut

174 1744 268 1821 plane,
284 1755 314 1803 ut
334 1751 442 1819 ornate,
464 1757 495 1805 ut
515 1748 551 1805 ad
572 1748 610 1821 id,
627 1749 826 1825 quodcumque
847 1760 956 1827 agatur,

176 1852 241 1915 apte
267 1854 513 1919 congruenterque
540 1844 689 1902 dicamus?
735 1846 831 1920 Atque
857 1864 956 1903 eorum

129 1946 160 1995 15
175 1937 299 2011 quidem,
327 1956 389 2013 quae
418 1940 474 1997 duo
507 1940 599 2015 prima
631 1941 699 2012 diri,
726 1942 866 1999 rationem
897 1962 956 1999 nou

177 2033 295 2090 arbitror
316 2036 473 2109 exspectari
495 2054 511 2093 a
531 2054 586 2108 rne,
606 2036 671 2111 puri
698 2037 873 2113 dilucidique
899 2056 957 2095 ser·

174 2128 281 2186 monis:
302 2130 486 2204 nequeenim
501 2148 638 2189 conamur
652 2131 755 2190 docere
769 2152 834 2189 eum
848 2133 955 2205 dicere,

174 2225 222 2299 qui
243 2225 321 2299 loqui
342 2227 467 2297 nesciat;
488 2246 543 2285 nec
563 2246 687 2303 sperare,
706 2229 755 2303 qui
775 2228 878 2287 Latine
896 2248 955 2287 nou

173 2321 271 2395 possit,
287 2323 364 2379 hunc
384 2333 484 2380 ornate
503 2342 566 2381 esse
586 2324 745 2382 dicturum:
766 2344 860 2399 neque
877 2345 955 2396 vero,

127 2428 160 2477 20
173 2416 221 2491 qui
241 2436 300 2475 non
327 2418 413 2489 dicat,
434 2420 510 2493 quod
537 2419 738 2497 intelligamus,
759 2420 837 2477 huuc
862 2441 954 2497 posse,

173 2512 249 2585 quod
283 2513 463 2585 admiremur,
496 2514 601 2573 dicere.
659 2515 836 2590 Linquamus
868 2517 955 2593 igitur

174 2607 245 2678 lraec,
273 2627 335 2682 quae
362 2610 556 2686 cognitionem
583 2611 689 2668 habent
722 2611 846 2685 facilem,
872 2631 955 2670 usum

172 2704 382 2763 necessarium:
403 2724 468 2762 nam
491 2707 609 2764 alterum
629 2706 748 2764 traditur
767 2708 867 2779 literis,
888 2708 956 2765 doc-

173 2798 304 2873 trindque
334 2802 452 2876 puerili;
488 2801 605 2859 alterum
639 2803 788 2861 adhibetur
822 2804 860 2860 ob
891 2822 955 2883 eam

128 2905 160 2956 25
174 2912 299 2968 causam,
327 2906 359 2954 ut
391 2897 576 2974 intelligatur,
607 2898 675 2974 quid
708 2900 828 2976 quisque
861 2899 954 2959 dicat:
1046 2896 1050 2905 ’
1090 2885 1091 2896 ¹

174 2990 251 3065 quod
264 2990 392 3049 videmus
406 2992 446 3051 ita
465 3012 527 3053 esse
546 2995 750 3071 necessarium,
764 3006 796 3056 ut
810 3008 907 3057 tamen
919 3015 956 3056 co

174 3086 269 3147 minus
282 3086 353 3146 nihil
367 3106 429 3149 esse
442 3088 539 3168 possit
619 3095 625 3116 l
