2184 3575
149 341 205 400 128
459 325 510 394 on
534 347 698 394 carrona.
878 343 980 405 ¹[nna

231 499 327 558 Etiam
348 499 412 572 hac,
431 498 462 557 in
482 498 669 569 instituendo,
690 496 831 556 divisione
845 505 979 567 utuntur,

192 596 243 654 sed
270 597 319 668 ita,
346 615 405 654 uon
432 605 463 652 ut
487 596 551 672 jure
580 605 627 652 aut
650 594 771 671 judicio,
799 603 831 650 ut
857 593 981 668 denique

192 709 362 769 recuperare
390 692 523 750 amissum
552 691 786 767 possessionen·
800 689 851 746 aed
876 699 918 760 ut,
944 707 981 745 ea

190 790 254 866 jure
269 789 345 846 civili
366 789 481 846 surculo
499 787 699 864 defringendo,
714 794 851 862 ua'urpure
866 785 982 853 videan-
1082 820 1083 829 κ

161 895 247 960 etur.
288 885 365 942 Num
386 885 457 942 illud
481 885 600 942 alterum
629 903 730 961 genua,
750 882 827 958 quod
848 892 892 940 est
910 893 981 939 tern-

193 982 320 1058 poribus,
348 982 430 1053 locis‚
459 981 516 1040 reia
543 980 703 1051 definitum,
729 980 870 1050 obtinent,
896 989 980 1053 atque

194 1077 318 1154 idipsum
338 1078 452 1136 lacinia.
507 1077 597 1135 Nunc
624 1077 701 1133 enim
723 1076 796 1151 opud
817 1074 979 1146 Philonem,

193 1193 278 1250 quem
298 1175 327 1232 in
349 1174 510 1231 Academia
530 1173 653 1231 maxime
666 1172 763 1250 vigere
783 1172 879 1243 audio,
893 1171 981 1229 etiam

194 1271 293 1328 harum
323 1271 381 1347 jam
410 1289 562 1329 causarum
595 1269 724 1346 cognitio
757 1267 982 1341 exercitatioque

149 1380 180 1430 1⁰
195 1367 363 1426 celebratur.
404 1366 536 1424 Alterum
551 1385 619 1422 vero
633 1365 831 1423 tantummodo
846 1364 875 1422 in
889 1363 982 1440 primii

172 1529 174 1536 ¹
195 1475 254 1522 arte
267 1461 407 1522 tradendi
427 1463 586 1533 nominant,
600 1472 629 1519 et
643 1460 764 1518 oratoria
783 1479 846 1518 ease
863 1459 980 1517 dicunt:

193 1561 244 1619 aed
265 1579 358 1635 nequo
377 1560 434 1616 vim
454 1577 550 1634 neque
569 1568 700 1616 naturam
721 1557 792 1633 ejus,
812 1575 868 1615 nec
886 1565 982 1633 partes

193 1675 250 1715 nec
283 1675 389 1733 genera
421 1666 600 1730 proponunt3
634 1664 666 1710 ut
691 1653 830 1729 preteriri
863 1653 982 1710 omnino

194 1752 279 1811 suerit
311 1752 409 1822 actius,
437 1769 523 1825 quam
559 1760 726 1809 attentatum
760 1750 869 1809 deseri:
902 1768 983 1808 nunc

149 1864 179 1913 15
193 1849 271 1907 onim
292 1848 391 1923 inopia
411 1848 533 1906 reticere
553 1847 767 1923 intelliguntur3
792 1858 854 1905 turn
871 1846 983 1923 judicio

192 1947 365 2004 viderentur.
957 1945 961 1953 ’

234 2139 350 2197 XXIX.
381 2139 485 2197 Omnis
506 2138 593 2215 igitur
606 2157 652 2195 rea
667 2138 787 2195 eandem
801 2138 983 2209 habet-natu-

193 2255 254 2294 ram
289 2235 462 2312 ambigendi,
491 2236 527 2292 de
555 2235 611 2309 qua
644 2234 732 2310 quaeri
764 2245 794 2291 et
826 2234 981 2311 disceptari
1082 2249 1083 2272 ¹

192 2343 295 2410 potest,
317 2332 376 2389 aive
397 2332 426 2389 iu
447 2330 566 2390 infinitis
589 2331 848 2388 consultationibus
869 2332 983 2408 diacop-

146 2438 179 2489 ‘to
193 2439 278 2500 tatur,
302 2429 362 2486 sive
386 2428 415 2485 in
440 2428 475 2485 iis
499 2428 594 2485 causis
617 2446 681 2502 que
703 2426 733 2483 in
758 2427 873 2485 civitate
896 2438 926 2486 et
949 2429 981 2487 in

193 2524 298 2582 sorensi
318 2524 526 2600 disceptatione
545 2532 710 2580 versantur:
734 2542 827 2597 neque
847 2534 890 2581 eat
910 2524 980 2598 ulla,

192 2618 255 2696 quae
276 2638 334 2678 non
356 2603 404 2677 aut
425 2620 460 2676 ad
481 2618 678 2695 cognoscendi
693 2619 790 2677 autad
805 2619 981 2696 agendirinr

192 2718 388 2792 rationemque
408 2717 554 2775 referatur.
603 2715 680 2773 Nam
702 2727 750 2774 aut
770 2716 832 2793 ipsa
850 2717 981 2794 cognitio

189 2814 233 2871 rei
260 2814 436 2888 acientiuque
462 2812 650 2889 perquiritur3
679 2822 719 2883 ut,
733 2812 834 2871 Virtus
859 2831 980 2872 anatona
1082 2845 1083 2866 i

140 2922 177 2973 25
190 2920 305 2988 propter
326 2909 504 2985 dignitatern,
522 2926 562 2964 an
579 2918 695 2984 propter
719 2908 830 2966 fructus
855 2910 978 2986 aliquos,
1082 2945 1083 2948 =

190 3006 358 3082 expetatur?
379 3014 428 3062 aut
448 3003 553 3081 agendi
571 3004 726 3061 consilium
746 3005 914 3079 exquiritur,
935 3018 979 3080 ut,

191 3102 274 3162 Sitne
288 3098 791 3179 sapienticapeaaeudareapublicai
831 3101 979 3179 Cognitio-
