2184 3575
467 340 510 389 Dr:
532 340 695 387 ORATORE.
899 338 939 397 [L.
949 338 983 384 11.

194 506 279 563 quam
298 508 364 547 eum
384 504 420 547 ex
439 490 561 548 oratoris
581 489 660 546 dieto
681 488 786 563 aliquo,
801 496 850 544 eut
864 504 984 561 reupon-¹

195 602 237 655 so,
250 594 298 642 eut
307 595 420 661 rogatu,
431 602 524 641 senno
536 583 584 642 ille
595 568 732 659 sequitur,
744 582 891 639 “Occidit
902 581 980 638 ille.”

195 684 213 711 ‘⁶
224 679 509 738 Adversariumnei”
552 679 674 735 “Immo
692 680 787 750 vero,”
804 677 893 745 aiunt,
908 683 926 709 “
937 694 980 748 se,

195 785 224 832 et
238 794 303 833 eum
317 795 402 851 quern
416 776 571 834 defendit.”

69 949 72 955 ⁵
162 976 178 1023 5
232 968 355 1027 LXXV.
388 968 455 1026 Hoc
475 969 597 1026 Crassus
616 986 676 1025 non
694 966 843 1043 putntnisi
857 966 980 1042 perfidi&

195 1064 327 1122 accidere
346 1083 447 1141 posse:
475 1083 529 1141 ego
549 1074 643 1121 nutem
664 1063 819 1138 sepissime
839 1063 923 1119 video
947 1064 979 1119 in

193 1161 288 1219 causis
304 1162 409 1238 aliquid
424 1162 491 1220 mali
506 1163 601 1220 faeere
611 1162 740 1219 homines
751 1161 868 1217 minime
879 1161 977 1219 malos.

191 1257 295 1319 Quidr
315 1258 395 1330 illud,
411 1258 486 1333 quod
507 1277 593 1337 supra
612 1258 681 1329 diri,
696 1257 788 1314 solere
801 1275 848 1313 me
862 1257 977 1329 cedere,

192 1363 230 1425 et,
245 1363 276 1410 ut
295 1354 408 1430 planius
428 1354 532 1426 dicam,
548 1354 646 1431 fugere
666 1372 710 1420 ea,
725 1372 787 1427 que
808 1352 889 1410 vaide
910 1371 978 1410 eau-

146 1454 176 1504 10
192 1467 251 1506 sarn
272 1460 365 1507 meam
384 1451 565 1526 promerenti
586 1468 651 1507 eum
666 1449 694 1505 id
708 1468 768 1505 non
787 1448 896 1507 faciunt
917 1449 977 1521 ulii,

191 1556 395 1620 versanturque
409 1546 438 1603 in
453 1545 577 1603 hostium
599 1544 710 1615 eastris,
726 1563 760 1603 nc
773 1564 826 1601 sua
843 1544 978 1621 presidis

191 1638 339 1697 dimittunt
346 1660 353 1710 ;
387 1640 608 1697 mediocriterne
640 1639 735 1697 causis
765 1649 880 1711 nocent,
907 1658 976 1699 eum

192 1743 241 1791 aut
255 1733 478 1809 adversariorum
492 1735 657 1812 adjumenta
674 1735 853 1808 confirmant,
868 1745 916 1795 aut
929 1754 975 1809 en,

191 1847 253 1902 quae
269 1848 370 1888 sanare
389 1840 544 1904 nequeunt,
559 1831 745 1888 exulcerant?
784 1831 887 1893 Quid?
907 1848 976 1890 curn

144 1936 174 1983 15
189 1942 383 1999 personarum,
403 1945 473 2002 quas
500 1925 666 1998 defendunt,
687 1927 825 1986 rationem
846 1946 905 1985 non
926 1928 977 1986 hn-

189 2020 278 2077 beuti
299 2021 334 2092 si,
348 2040 410 2096 quae
423 2031 489 2078 sunt
502 2021 532 2078 in
546 2023 591 2079 his
605 2022 755 2094 invidiosa,
767 2042 826 2080 non
840 2023 976 2100 mitigant

188 2117 379 2189 extenuando,
394 2117 454 2190 sed,
473 2118 617 2176 laudando
637 2129 666 2176 et
686 2119 840 2191 efferendo,
854 2119 976 2177 invidio-
1081 2156 1082 2161 κ

189 2211 265 2269 siorn
294 2213 420 2285 saeiunt3
455 2225 592 2289 quantum
619 2215 649 2272 in
676 2233 712 2272 eo
738 2215 853 2273 tandem
886 2216 972 2274 mali!

181 2307 290 2369 'Ouidi
311 2308 335 2366 si
350 2310 379 2367 in
396 2311 526 2368 homines
547 2329 639 2383 ceros,
651 2310 853 2388 judicibusque
869 2311 975 2387 jucun·

141 2408 174 2457 20
189 2402 250 2477 dos,
271 2405 334 2462 sine
353 2405 412 2464 ulle
431 2408 648 2482 praernunitione
671 2407 818 2480 orationis,
840 2407 974 2466 acerbius

188 2508 218 2556 et
231 2501 466 2560 contumeliosius
477 2503 628 2573 invehare3
648 2522 744 2561 nonne
756 2505 806 2561 ebs
818 2514 847 2562 te
858 2503 974 2581 judiees

190 2593 352 2654 abalienes?
391 2597 494 2659 Quid?
513 2597 548 2669 si,
561 2617 624 2674 qun
635 2580 706 2656 ¹vitiu
721 2610 770 2657 aut
789 2598 974 2658 incommoda

111 2685 113 2689 ⁴
188 2697 256 2746 sunt
269 2689 299 2746 in
314 2690 409 2765 aliquo
426 2692 525 2768 judice
539 2711 607 2765 uno,
622 2703 671 2750 aut
682 2694 822 2769 pluribus,
836 2713 872 2753 ea
884 2703 926 2766 tu,
941 2693 974 2752 in

148 2785 152 2798 “
188 2785 355 2844 adversariis
381 2788 588 2863 exprobrando,
615 2807 674 2846 non
705 2791 858 2868 intelligas,
884 2801 913 2849 te
939 2790 972 2849 in

140 2879 173 2930 25
185 2879 298 2957 judiees
312 2881 418 2954 invehi,
432 2883 578 2941 mediocre
591 2894 743 2960 peceatum
757 2887 820 2944 esti

227 2975 329 3037 Quid?
355 2977 390 3048 si,
411 2996 549 3056 cumpro
570 2980 660 3038 altero
680 2982 769 3054 diens,
789 2980 868 3040 litem
892 2993 973 3042 tuum

189 3069 288 3145 facins,
303 3082 351 3131 sut
370 3072 455 3132 lesus
474 3075 592 3134 efferare
611 3077 771 3151 iracundii,
791 3096 908 3138 causum
928 3095 973 3136 re·
